<?xml version="1.0" encoding="UTF-8"?>
<!DOCTYPE html PUBLIC "-//W3C//DTD XHTML 1.0 Transitional//EN"
    "http://www.w3.org/TR/xhtml1/DTD/xhtml1-transitional.dtd">
<html xmlns="http://www.w3.org/1999/xhtml" xml:lang="en" lang="en">
 <head>
  <title>
</title>
<meta http-equiv="Content-Type" content="text/html;charset=utf-8" />
  <meta name='ocr-system' content='tesseract 3.04.00' />
  <meta name='ocr-capabilities' content='ocr_page ocr_carea ocr_par ocr_line ocrx_word'/>
</head>
<body>
  <div class='ocr_page' id='page_1' title='image "./novicommentariac10impe_0388.png"; bbox 0 0 1972 2652; ppageno 0'>
   <div class='ocr_carea' id='block_1_1' title="bbox 589 193 1593 255">
    <p class='ocr_par' dir='ltr' id='par_1_1' title="bbox 589 193 1593 255">
     <span class='ocr_line' id='line_1_1' title="bbox 589 193 1593 255; baseline -0.007 -9"><span class='ocrx_word' id='word_1_1' title='bbox 589 214 680 255; x_wconf 75' lang='lat'>304</span> <span class='ocrx_word' id='word_1_2' title='bbox 795 202 909 245; x_wconf 77' lang='lat' dir='ltr'>DE</span> <span class='ocrx_word' id='word_1_3' title='bbox 972 193 1593 244; x_wconf 70' lang='lat' dir='ltr'><strong><em>VEL001TATE</em></strong></span> 
     </span>
    </p>
   </div>
   <div class='ocr_carea' id='block_1_2' title="bbox 580 307 1857 2131">
    <p class='ocr_par' dir='ltr' id='par_1_2' title="bbox 580 307 1857 1376">
     <span class='ocr_line' id='line_1_2' title="bbox 583 307 1849 364; baseline -0.004 -7"><span class='ocrx_word' id='word_1_4' title='bbox 583 318 717 357; x_wconf 75' lang='lat' dir='ltr'>tticum</span> <span class='ocrx_word' id='word_1_5' title='bbox 754 313 842 355; x_wconf 77' lang='lat' dir='ltr'>iusta</span> <span class='ocrx_word' id='word_1_6' title='bbox 875 321 915 352; x_wconf 82' lang='lat' dir='ltr'>et</span> <span class='ocrx_word' id='word_1_7' title='bbox 946 309 1116 363; x_wconf 76' lang='lat' dir='ltr'>requifita</span> <span class='ocrx_word' id='word_1_8' title='bbox 1155 308 1324 352; x_wconf 74' lang='lat' dir='ltr'>distantia</span> <span class='ocrx_word' id='word_1_9' title='bbox 1374 311 1422 352; x_wconf 77' lang='lat' dir='ltr'>ab</span> <span class='ocrx_word' id='word_1_10' title='bbox 1464 321 1538 352; x_wconf 79' lang='lat' dir='ltr'>axe</span> <span class='ocrx_word' id='word_1_11' title='bbox 1587 320 1717 364; x_wconf 86' lang='lat' dir='ltr'>gerens</span> <span class='ocrx_word' id='word_1_12' title='bbox 1737 338 1750 360; x_wconf 92' lang='lat'>,</span> <span class='ocrx_word' id='word_1_13' title='bbox 1797 307 1849 352; x_wconf 80' lang='lat' dir='ltr'>est</span> 
     </span>
     <span class='ocr_line' id='line_1_3' title="bbox 582 370 1853 428; baseline -0.007 -7"><span class='ocrx_word' id='word_1_14' title='bbox 582 380 728 420; x_wconf 75' lang='lat' dir='ltr'>affixus.</span> <span class='ocrx_word' id='word_1_15' title='bbox 794 376 835 417; x_wconf 90' lang='lat' dir='ltr'>N</span> <span class='ocrx_word' id='word_1_16' title='bbox 867 376 1037 414; x_wconf 79' lang='lat' dir='ltr'>eiusdem</span> <span class='ocrx_word' id='word_1_17' title='bbox 1068 373 1319 427; x_wconf 61' lang='lat' dir='ltr'>repraessntat</span> <span class='ocrx_word' id='word_1_18' title='bbox 1349 374 1679 428; x_wconf 77' lang='lat' dir='ltr'>contrapondium.</span> <span class='ocrx_word' id='word_1_19' title='bbox 1744 370 1853 413; x_wconf 87' lang='lat' dir='ltr'>Hest</span> 
     </span>
     <span class='ocr_line' id='line_1_4' title="bbox 583 437 1850 494; baseline -0.004 -14"><span class='ocrx_word' id='word_1_20' title='bbox 583 451 811 494; x_wconf 75' lang='lat' dir='ltr'>tympanum</span> <span class='ocrx_word' id='word_1_21' title='bbox 834 468 846 490; x_wconf 84' lang='lat'>‚</span> <span class='ocrx_word' id='word_1_22' title='bbox 877 438 961 478; x_wconf 86' lang='lat' dir='ltr'>fune</span> <span class='ocrx_word' id='word_1_23' title='bbox 992 437 1309 478; x_wconf 79' lang='lat' dir='ltr'>circumuolutum</span> <span class='ocrx_word' id='word_1_24' title='bbox 1328 467 1340 482; x_wconf 93' lang='lat'><em>,</em></span> <span class='ocrx_word' id='word_1_25' title='bbox 1385 438 1487 479; x_wconf 83' lang='lat' dir='ltr'>cuius</span> <span class='ocrx_word' id='word_1_26' title='bbox 1526 437 1683 479; x_wconf 72' lang='lat' dir='ltr'>alteram</span> <span class='ocrx_word' id='word_1_27' title='bbox 1726 444 1850 476; x_wconf 80' lang='lat' dir='ltr'>extre·</span> 
     </span>
     <span class='ocr_line' id='line_1_5' title="bbox 583 498 1854 555; baseline -0.004 -11"><span class='ocrx_word' id='word_1_28' title='bbox 583 505 763 545; x_wconf 83' lang='lat' dir='ltr'>mitatem</span> <span class='ocrx_word' id='word_1_29' title='bbox 798 513 913 543; x_wconf 78' lang='lat' dir='ltr'>manu</span> <span class='ocrx_word' id='word_1_30' title='bbox 949 500 1064 542; x_wconf 82' lang='lat' dir='ltr'>trahit</span> <span class='ocrx_word' id='word_1_31' title='bbox 1095 498 1180 541; x_wconf 83' lang='lat' dir='ltr'>Du.</span> <span class='ocrx_word' id='word_1_32' title='bbox 1215 501 1391 542; x_wconf 82' lang='lat' dir='ltr'>Smeaton</span> <span class='ocrx_word' id='word_1_33' title='bbox 1410 532 1421 552; x_wconf 93' lang='lat'>‚</span> <span class='ocrx_word' id='word_1_34' title='bbox 1471 513 1548 555; x_wconf 85' lang='lat' dir='ltr'>quo</span> <span class='ocrx_word' id='word_1_35' title='bbox 1581 501 1721 542; x_wconf 83' lang='lat' dir='ltr'>rotatio</span> <span class='ocrx_word' id='word_1_36' title='bbox 1768 499 1854 540; x_wconf 69' lang='lat' dir='ltr'>axis</span> 
     </span>
     <span class='ocr_line' id='line_1_6' title="bbox 580 563 1853 618; baseline -0.005 -10"><span class='ocrx_word' id='word_1_37' title='bbox 580 577 619 608; x_wconf 88' lang='lat' dir='ltr'>ct</span> <span class='ocrx_word' id='word_1_38' title='bbox 652 566 796 608; x_wconf 83' lang='lat' dir='ltr'>brachii</span> <span class='ocrx_word' id='word_1_39' title='bbox 827 564 1012 606; x_wconf 82' lang='lat' dir='ltr'>exoritur.</span> <span class='ocrx_word' id='word_1_40' title='bbox 1081 563 1144 606; x_wconf 90' lang='lat' dir='ltr'>Ad</span> <span class='ocrx_word' id='word_1_41' title='bbox 1178 565 1334 618; x_wconf 89' lang='lat' dir='ltr'>scopum</span> <span class='ocrx_word' id='word_1_42' title='bbox 1367 576 1462 605; x_wconf 78' lang='lat' dir='ltr'>veto</span> <span class='ocrx_word' id='word_1_43' title='bbox 1513 563 1681 604; x_wconf 84' lang='lat' dir='ltr'>nostrum</span> <span class='ocrx_word' id='word_1_44' title='bbox 1736 574 1853 603; x_wconf 80' lang='lat' dir='ltr'>com·</span> 
     </span>
     <span class='ocr_line' id='line_1_7' title="bbox 586 624 1852 681; baseline -0.004 -10"><span class='ocrx_word' id='word_1_45' title='bbox 586 631 736 671; x_wconf 86' lang='lat' dir='ltr'>modius</span> <span class='ocrx_word' id='word_1_46' title='bbox 767 628 867 671; x_wconf 87' lang='lat' dir='ltr'>mihi</span> <span class='ocrx_word' id='word_1_47' title='bbox 902 628 1023 668; x_wconf 80' lang='lat' dir='ltr'>visum</span> <span class='ocrx_word' id='word_1_48' title='bbox 1058 627 1143 679; x_wconf 88' lang='lat' dir='ltr'>est,</span> <span class='ocrx_word' id='word_1_49' title='bbox 1193 628 1360 669; x_wconf 74' lang='lat' dir='ltr'>eiusdem</span> <span class='ocrx_word' id='word_1_50' title='bbox 1402 628 1492 667; x_wconf 88' lang='lat' dir='ltr'>loco</span> <span class='ocrx_word' id='word_1_51' title='bbox 1525 625 1724 681; x_wconf 82' lang='lat' dir='ltr'>gyrgillum</span> <span class='ocrx_word' id='word_1_52' title='bbox 1757 624 1852 677; x_wconf 87' lang='lat' dir='ltr'>IK,</span> 
     </span>
     <span class='ocr_line' id='line_1_8' title="bbox 581 688 1855 747; baseline -0.005 -12"><span class='ocrx_word' id='word_1_53' title='bbox 581 705 742 747; x_wconf 86' lang='lat' dir='ltr'>quatuor</span> <span class='ocrx_word' id='word_1_54' title='bbox 774 692 835 733; x_wconf 78' lang='lat' dir='ltr'>vel</span> <span class='ocrx_word' id='word_1_55' title='bbox 867 691 1033 746; x_wconf 84' lang='lat' dir='ltr'>pluribus</span> <span class='ocrx_word' id='word_1_56' title='bbox 1067 691 1291 744; x_wconf 82' lang='lat' dir='ltr'>tympanis,</span> <span class='ocrx_word' id='word_1_57' title='bbox 1324 689 1483 732; x_wconf 81' lang='lat' dir='ltr'>craffitie</span> <span class='ocrx_word' id='word_1_58' title='bbox 1516 691 1656 731; x_wconf 81' lang='lat' dir='ltr'>diuersa</span> <span class='ocrx_word' id='word_1_59' title='bbox 1676 722 1688 742; x_wconf 88' lang='lat'>,</span> <span class='ocrx_word' id='word_1_60' title='bbox 1719 688 1855 730; x_wconf 86' lang='lat' dir='ltr'>instru-</span> 
     </span>
     <span class='ocr_line' id='line_1_9' title="bbox 584 752 1856 810; baseline -0.004 -13"><span class='ocrx_word' id='word_1_61' title='bbox 584 757 691 797; x_wconf 66' lang='lat' dir='ltr'>&amp;um</span> <span class='ocrx_word' id='word_1_62' title='bbox 723 757 912 810; x_wconf 80' lang='lat' dir='ltr'>adaptare.</span> <span class='ocrx_word' id='word_1_63' title='bbox 1012 752 1093 796; x_wconf 88' lang='lat' dir='ltr'>Dn.</span> <span class='ocrx_word' id='word_1_64' title='bbox 1130 756 1305 794; x_wconf 83' lang='lat' dir='ltr'>Smeaton</span> <span class='ocrx_word' id='word_1_65' title='bbox 1335 755 1381 793; x_wconf 82' lang='lat' dir='ltr'>ad</span> <span class='ocrx_word' id='word_1_66' title='bbox 1415 753 1680 794; x_wconf 80' lang='lat' dir='ltr'>fulcimentum</span> <span class='ocrx_word' id='word_1_67' title='bbox 1731 753 1856 793; x_wconf 88' lang='lat' dir='ltr'>modo</span> 
     </span>
     <span class='ocr_line' id='line_1_10' title="bbox 584 814 1855 872; baseline -0.003 -12"><span class='ocrx_word' id='word_1_68' title='bbox 584 819 816 872; x_wconf 85' lang='lat' dir='ltr'>descriptum</span> <span class='ocrx_word' id='word_1_69' title='bbox 854 817 1054 872; x_wconf 82' lang='lat' dir='ltr'>pendulum</span> <span class='ocrx_word' id='word_1_70' title='bbox 1092 817 1191 858; x_wconf 88' lang='lat' dir='ltr'>LM</span> <span class='ocrx_word' id='word_1_71' title='bbox 1223 817 1427 857; x_wconf 84' lang='lat' dir='ltr'>collocauit</span> <span class='ocrx_word' id='word_1_72' title='bbox 1447 847 1459 866; x_wconf 89' lang='lat'>,</span> <span class='ocrx_word' id='word_1_73' title='bbox 1489 816 1591 869; x_wconf 86' lang='lat' dir='ltr'>quod</span> <span class='ocrx_word' id='word_1_74' title='bbox 1623 827 1676 856; x_wconf 88' lang='lat' dir='ltr'>ex</span> <span class='ocrx_word' id='word_1_75' title='bbox 1712 814 1855 856; x_wconf 86' lang='lat' dir='ltr'>duobus</span> 
     </span>
     <span class='ocr_line' id='line_1_11' title="bbox 584 878 1857 938; baseline -0.003 -16"><span class='ocrx_word' id='word_1_76' title='bbox 584 882 746 938; x_wconf 79' lang='lat' dir='ltr'>globulis</span> <span class='ocrx_word' id='word_1_77' title='bbox 775 882 920 923; x_wconf 80' lang='lat' dir='ltr'>constat</span> <span class='ocrx_word' id='word_1_78' title='bbox 952 881 1180 931; x_wconf 73' lang='lat' dir='ltr'>metallicis,</span> <span class='ocrx_word' id='word_1_79' title='bbox 1211 881 1318 933; x_wconf 80' lang='lat' dir='ltr'>super</span> <span class='ocrx_word' id='word_1_80' title='bbox 1359 879 1496 933; x_wconf 82' lang='lat' dir='ltr'>pertica</span> <span class='ocrx_word' id='word_1_81' title='bbox 1539 878 1659 932; x_wconf 80' lang='lat' dir='ltr'>lignea</span> <span class='ocrx_word' id='word_1_82' title='bbox 1699 878 1857 918; x_wconf 86' lang='lat' dir='ltr'>mobili-</span> 
     </span>
     <span class='ocr_line' id='line_1_12' title="bbox 586 940 1856 1000; baseline -0.004 -13"><span class='ocrx_word' id='word_1_83' title='bbox 586 947 688 997; x_wconf 85' lang='lat' dir='ltr'>bus,</span> <span class='ocrx_word' id='word_1_84' title='bbox 716 958 794 1000; x_wconf 88' lang='lat' dir='ltr'>quo</span> <span class='ocrx_word' id='word_1_85' title='bbox 822 945 860 986; x_wconf 91' lang='lat' dir='ltr'>id</span> <span class='ocrx_word' id='word_1_86' title='bbox 890 956 940 985; x_wconf 89' lang='lat' dir='ltr'>eo</span> <span class='ocrx_word' id='word_1_87' title='bbox 974 944 1097 985; x_wconf 87' lang='lat' dir='ltr'>modo</span> <span class='ocrx_word' id='word_1_88' title='bbox 1129 944 1294 983; x_wconf 82' lang='lat' dir='ltr'>ordinari</span> <span class='ocrx_word' id='word_1_89' title='bbox 1337 941 1457 996; x_wconf 84' lang='lat' dir='ltr'>potest</span> <span class='ocrx_word' id='word_1_90' title='bbox 1478 972 1491 996; x_wconf 80' lang='lat'>‚</span> <span class='ocrx_word' id='word_1_91' title='bbox 1538 952 1585 982; x_wconf 85' lang='lat' dir='ltr'>vt</span> <span class='ocrx_word' id='word_1_92' title='bbox 1635 940 1856 982; x_wconf 69' lang='lat' dir='ltr'>desideratas</span> 
     </span>
     <span class='ocr_line' id='line_1_13' title="bbox 587 1001 1854 1050; baseline -0.004 -1"><span class='ocrx_word' id='word_1_93' title='bbox 587 1021 632 1050; x_wconf 84' lang='lat' dir='ltr'>ac</span> <span class='ocrx_word' id='word_1_94' title='bbox 662 1009 932 1049; x_wconf 80' lang='lat' dir='ltr'>determinatas</span> <span class='ocrx_word' id='word_1_95' title='bbox 965 1007 1109 1047; x_wconf 81' lang='lat' dir='ltr'>efficiat</span> <span class='ocrx_word' id='word_1_96' title='bbox 1148 1006 1404 1046; x_wconf 79' lang='lat' dir='ltr'>oscillationes.</span> <span class='ocrx_word' id='word_1_97' title='bbox 1485 1001 1854 1045; x_wconf 80' lang='lat' dir='ltr'>Commodiffimam</span> 
     </span>
     <span class='ocr_line' id='line_1_14' title="bbox 586 1066 1854 1126; baseline -0.004 -14"><span class='ocrx_word' id='word_1_98' title='bbox 586 1071 742 1126; x_wconf 85' lang='lat' dir='ltr'>penduli</span> <span class='ocrx_word' id='word_1_99' title='bbox 774 1069 1060 1123; x_wconf 68' lang='lat' dir='ltr'>dispositionem</span> <span class='ocrx_word' id='word_1_100' title='bbox 1094 1070 1173 1109; x_wconf 83' lang='lat' dir='ltr'>iam</span> <span class='ocrx_word' id='word_1_101' title='bbox 1218 1069 1380 1108; x_wconf 79' lang='lat' dir='ltr'>laudatus</span> <span class='ocrx_word' id='word_1_102' title='bbox 1419 1066 1494 1108; x_wconf 87' lang='lat' dir='ltr'>Vir</span> <span class='ocrx_word' id='word_1_103' title='bbox 1543 1068 1685 1107; x_wconf 82' lang='lat' dir='ltr'>iudicat</span> <span class='ocrx_word' id='word_1_104' title='bbox 1735 1079 1854 1115; x_wconf 85' lang='lat' dir='ltr'>eam,</span> 
     </span>
     <span class='ocr_line' id='line_1_15' title="bbox 586 1128 1856 1185; baseline -0.005 -10"><span class='ocrx_word' id='word_1_105' title='bbox 586 1134 655 1177; x_wconf 76' lang='lat' dir='ltr'>vbi</span> <span class='ocrx_word' id='word_1_106' title='bbox 674 1166 686 1185; x_wconf 83' lang='lat'>,</span> <span class='ocrx_word' id='word_1_107' title='bbox 720 1133 962 1174; x_wconf 90' lang='lat' dir='ltr'>reuolutione</span> <span class='ocrx_word' id='word_1_108' title='bbox 994 1131 1137 1174; x_wconf 85' lang='lat' dir='ltr'>brachii</span> <span class='ocrx_word' id='word_1_109' title='bbox 1170 1131 1277 1171; x_wconf 85' lang='lat' dir='ltr'>vnica</span> <span class='ocrx_word' id='word_1_110' title='bbox 1310 1129 1462 1183; x_wconf 62' lang='lat' dir='ltr'>peraeta</span> <span class='ocrx_word' id='word_1_111' title='bbox 1483 1161 1495 1182; x_wconf 87' lang='lat'>,</span> <span class='ocrx_word' id='word_1_112' title='bbox 1526 1129 1618 1171; x_wconf 88' lang='lat' dir='ltr'>illud</span> <span class='ocrx_word' id='word_1_113' title='bbox 1652 1128 1856 1170; x_wconf 78' lang='lat' dir='ltr'>oscillatio-</span> 
     </span>
     <span class='ocr_line' id='line_1_16' title="bbox 585 1193 1855 1250; baseline -0.003 -12"><span class='ocrx_word' id='word_1_114' title='bbox 585 1209 652 1238; x_wconf 86' lang='lat' dir='ltr'>nes</span> <span class='ocrx_word' id='word_1_115' title='bbox 683 1197 771 1237; x_wconf 80' lang='lat' dir='ltr'>duas</span> <span class='ocrx_word' id='word_1_116' title='bbox 803 1196 974 1236; x_wconf 87' lang='lat' dir='ltr'>absoluit.</span> <span class='ocrx_word' id='word_1_117' title='bbox 1034 1194 1208 1250; x_wconf 76' lang='lat' dir='ltr'>Quilibet</span> <span class='ocrx_word' id='word_1_118' title='bbox 1241 1195 1440 1235; x_wconf 81' lang='lat' dir='ltr'>secundum</span> <span class='ocrx_word' id='word_1_119' title='bbox 1474 1193 1672 1234; x_wconf 79' lang='lat' dir='ltr'>arbitrium</span> <span class='ocrx_word' id='word_1_120' title='bbox 1717 1194 1855 1248; x_wconf 68' lang='lat' dir='ltr'>suum,</span> 
     </span>
     <span class='ocr_line' id='line_1_17' title="bbox 587 1256 1856 1314; baseline -0.002 -14"><span class='ocrx_word' id='word_1_121' title='bbox 587 1260 647 1301; x_wconf 80' lang='lat' dir='ltr'>vel</span> <span class='ocrx_word' id='word_1_122' title='bbox 680 1259 845 1314; x_wconf 82' lang='lat' dir='ltr'>pendulo</span> <span class='ocrx_word' id='word_1_123' title='bbox 876 1259 1000 1299; x_wconf 86' lang='lat' dir='ltr'>modo</span> <span class='ocrx_word' id='word_1_124' title='bbox 1033 1266 1254 1299; x_wconf 78' lang='lat' dir='ltr'>memorato</span> <span class='ocrx_word' id='word_1_125' title='bbox 1271 1287 1284 1307; x_wconf 90' lang='lat'>,</span> <span class='ocrx_word' id='word_1_126' title='bbox 1317 1257 1382 1296; x_wconf 75' lang='lat' dir='ltr'>vel</span> <span class='ocrx_word' id='word_1_127' title='bbox 1418 1256 1624 1311; x_wconf 86' lang='lat' dir='ltr'>horologio</span> <span class='ocrx_word' id='word_1_128' title='bbox 1676 1256 1822 1311; x_wconf 82' lang='lat' dir='ltr'>vulgari</span> <span class='ocrx_word' id='word_1_129' title='bbox 1842 1285 1856 1308; x_wconf 83' lang='lat'>,</span> 
     </span>
     <span class='ocr_line' id='line_1_18' title="bbox 585 1319 1258 1376; baseline -0.007 -13"><span class='ocrx_word' id='word_1_130' title='bbox 585 1323 755 1376; x_wconf 86' lang='lat' dir='ltr'>pendulo</span> <span class='ocrx_word' id='word_1_131' title='bbox 790 1321 968 1361; x_wconf 73' lang='lat' dir='ltr'>instrqu</span> <span class='ocrx_word' id='word_1_132' title='bbox 991 1350 1004 1371; x_wconf 87' lang='lat'>,</span> <span class='ocrx_word' id='word_1_133' title='bbox 1034 1321 1090 1361; x_wconf 82' lang='lat' dir='ltr'>vti</span> <span class='ocrx_word' id='word_1_134' title='bbox 1123 1319 1258 1373; x_wconf 86' lang='lat' dir='ltr'>potest.</span> 
     </span>
    </p>

    <p class='ocr_par' dir='ltr' id='par_1_3' title="bbox 584 1378 1856 2131">
     <span class='ocr_line' id='line_1_19' title="bbox 738 1378 1854 1434; baseline -0.003 -9"><span class='ocrx_word' id='word_1_135' title='bbox 738 1384 804 1425; x_wconf 87' lang='lat' dir='ltr'>Ad</span> <span class='ocrx_word' id='word_1_136' title='bbox 837 1382 1030 1424; x_wconf 82' lang='lat' dir='ltr'>brachium</span> <span class='ocrx_word' id='word_1_137' title='bbox 1065 1390 1191 1423; x_wconf 87' lang='lat' dir='ltr'>autem</span> <span class='ocrx_word' id='word_1_138' title='bbox 1226 1382 1328 1434; x_wconf 83' lang='lat' dir='ltr'>supra</span> <span class='ocrx_word' id='word_1_139' title='bbox 1361 1381 1594 1423; x_wconf 75' lang='lat' dir='ltr'>delineatum</span> <span class='ocrx_word' id='word_1_140' title='bbox 1629 1378 1706 1424; x_wconf 83' lang='lat' dir='ltr'>FG</span> <span class='ocrx_word' id='word_1_141' title='bbox 1725 1381 1854 1434; x_wconf 81' lang='lat' dir='ltr'>affiga-</span> 
     </span>
     <span class='ocr_line' id='line_1_20' title="bbox 587 1441 1852 1498; baseline -0.005 -8"><span class='ocrx_word' id='word_1_142' title='bbox 587 1457 649 1490; x_wconf 85' lang='lat' dir='ltr'>tur</span> <span class='ocrx_word' id='word_1_143' title='bbox 679 1446 968 1489; x_wconf 84' lang='lat' dir='ltr'>instrumentum</span> <span class='ocrx_word' id='word_1_144' title='bbox 1002 1443 1307 1498; x_wconf 77' lang='lat' dir='ltr'>Bouguerianum</span> <span class='ocrx_word' id='word_1_145' title='bbox 1339 1441 1399 1491; x_wconf 90' lang='lat' dir='ltr'>G,</span> <span class='ocrx_word' id='word_1_146' title='bbox 1435 1446 1628 1486; x_wconf 78' lang='lat' dir='ltr'>mediante</span> <span class='ocrx_word' id='word_1_147' title='bbox 1660 1443 1852 1484; x_wconf 80' lang='lat' dir='ltr'>confibula</span> 
     </span>
     <span class='ocr_line' id='line_1_21' title="bbox 584 1506 1854 1564; baseline -0.003 -12"><span class='ocrx_word' id='word_1_148' title='bbox 584 1513 626 1555; x_wconf 91' lang='grc' dir='ltr'>Ο</span> <span class='ocrx_word' id='word_1_149' title='bbox 648 1540 661 1561; x_wconf 87' lang='grc'><em>,</em></span> <span class='ocrx_word' id='word_1_150' title='bbox 695 1521 735 1553; x_wconf 90' lang='lat' dir='ltr'>et</span> <span class='ocrx_word' id='word_1_151' title='bbox 767 1522 816 1551; x_wconf 90' lang='lat' dir='ltr'>eo</span> <span class='ocrx_word' id='word_1_152' title='bbox 847 1510 1000 1564; x_wconf 79' lang='lat' dir='ltr'>quidem</span> <span class='ocrx_word' id='word_1_153' title='bbox 1034 1510 1185 1553; x_wconf 85' lang='lat' dir='ltr'>modo.</span> <span class='ocrx_word' id='word_1_154' title='bbox 1217 1518 1261 1547; x_wconf 83' lang='lat' dir='ltr'>vt</span> <span class='ocrx_word' id='word_1_155' title='bbox 1297 1506 1465 1548; x_wconf 82' lang='lat' dir='ltr'>eiusdem</span> <span class='ocrx_word' id='word_1_156' title='bbox 1506 1509 1586 1548; x_wconf 81' lang='lat' dir='ltr'>axis</span> <span class='ocrx_word' id='word_1_157' title='bbox 1610 1535 1619 1550; x_wconf 91' lang='lat'><em>‚</em></span> <span class='ocrx_word' id='word_1_158' title='bbox 1659 1507 1719 1548; x_wconf 89' lang='lat' dir='ltr'>seu</span> <span class='ocrx_word' id='word_1_159' title='bbox 1756 1507 1854 1548; x_wconf 81' lang='lat' dir='ltr'>linea</span> 
     </span>
     <span class='ocr_line' id='line_1_22' title="bbox 585 1570 1852 1630; baseline -0.006 -14"><span class='ocrx_word' id='word_1_160' title='bbox 585 1576 632 1616; x_wconf 80' lang='lat' dir='ltr'>ad</span> <span class='ocrx_word' id='word_1_161' title='bbox 666 1573 821 1630; x_wconf 84' lang='lat' dir='ltr'>planum</span> <span class='ocrx_word' id='word_1_162' title='bbox 853 1571 930 1613; x_wconf 90' lang='lat' dir='ltr'>KL</span> <span class='ocrx_word' id='word_1_163' title='bbox 965 1570 1312 1625; x_wconf 80' lang='lat' dir='ltr'>perpendicularis,</span> <span class='ocrx_word' id='word_1_164' title='bbox 1357 1580 1451 1613; x_wconf 82' lang='lat' dir='ltr'>cum</span> <span class='ocrx_word' id='word_1_165' title='bbox 1484 1579 1663 1622; x_wconf 77' lang='lat' dir='ltr'>tangente</span> <span class='ocrx_word' id='word_1_166' title='bbox 1716 1580 1852 1621; x_wconf 82' lang='lat' dir='ltr'>arcus,</span> 
     </span>
     <span class='ocr_line' id='line_1_23' title="bbox 589 1631 1855 1692; baseline -0.006 -14"><span class='ocrx_word' id='word_1_167' title='bbox 589 1650 706 1692; x_wconf 87' lang='lat' dir='ltr'>quem</span> <span class='ocrx_word' id='word_1_168' title='bbox 741 1637 862 1678; x_wconf 85' lang='lat' dir='ltr'>radius</span> <span class='ocrx_word' id='word_1_169' title='bbox 891 1631 983 1676; x_wconf 88' lang='lat' dir='ltr'>DG</span> <span class='ocrx_word' id='word_1_170' title='bbox 1019 1634 1187 1675; x_wconf 73' lang='lat' dir='ltr'>deicribit</span> <span class='ocrx_word' id='word_1_171' title='bbox 1206 1665 1217 1684; x_wconf 87' lang='lat'>,</span> <span class='ocrx_word' id='word_1_172' title='bbox 1248 1633 1290 1673; x_wconf 78' lang='lat' dir='ltr'>sit</span> <span class='ocrx_word' id='word_1_173' title='bbox 1322 1632 1524 1687; x_wconf 76' lang='lat' dir='ltr'>parallelus.</span> <span class='ocrx_word' id='word_1_174' title='bbox 1578 1632 1662 1672; x_wconf 85' lang='lat' dir='ltr'>Hac</span> <span class='ocrx_word' id='word_1_175' title='bbox 1694 1642 1736 1671; x_wconf 84' lang='lat' dir='ltr'>re</span> <span class='ocrx_word' id='word_1_176' title='bbox 1769 1643 1855 1684; x_wconf 82' lang='lat' dir='ltr'>per·</span> 
     </span>
     <span class='ocr_line' id='line_1_24' title="bbox 591 1694 1856 1753; baseline -0.008 -10"><span class='ocrx_word' id='word_1_177' title='bbox 591 1700 692 1753; x_wconf 66' lang='lat' dir='ltr'>acta,</span> <span class='ocrx_word' id='word_1_178' title='bbox 723 1698 972 1751; x_wconf 78' lang='lat' dir='ltr'>machinaque</span> <span class='ocrx_word' id='word_1_179' title='bbox 1005 1698 1043 1737; x_wconf 88' lang='lat' dir='ltr'>in</span> <span class='ocrx_word' id='word_1_180' title='bbox 1077 1698 1196 1749; x_wconf 86' lang='lat' dir='ltr'>loco,</span> <span class='ocrx_word' id='word_1_181' title='bbox 1231 1696 1296 1736; x_wconf 77' lang='lat' dir='ltr'>vbi</span> <span class='ocrx_word' id='word_1_182' title='bbox 1330 1708 1389 1736; x_wconf 81' lang='lat' dir='ltr'>aer</span> <span class='ocrx_word' id='word_1_183' title='bbox 1421 1695 1473 1735; x_wconf 78' lang='lat' dir='ltr'>est</span> <span class='ocrx_word' id='word_1_184' title='bbox 1507 1694 1722 1748; x_wconf 78' lang='lat' dir='ltr'>tranquillus</span> <span class='ocrx_word' id='word_1_185' title='bbox 1742 1723 1752 1736; x_wconf 86' lang='lat'>,</span> <span class='ocrx_word' id='word_1_186' title='bbox 1783 1705 1856 1747; x_wconf 90' lang='lat' dir='ltr'>po-</span> 
     </span>
     <span class='ocr_line' id='line_1_25' title="bbox 588 1756 1856 1815; baseline -0.008 -9"><span class='ocrx_word' id='word_1_187' title='bbox 588 1764 655 1806; x_wconf 80' lang='lat' dir='ltr'>fita</span> <span class='ocrx_word' id='word_1_188' title='bbox 682 1796 692 1815; x_wconf 85' lang='lat'>‚</span> <span class='ocrx_word' id='word_1_189' title='bbox 724 1764 1001 1814; x_wconf 74' lang='lat' dir='ltr'>circumagatur</span> <span class='ocrx_word' id='word_1_190' title='bbox 1033 1759 1225 1801; x_wconf 82' lang='lat' dir='ltr'>brachium</span> <span class='ocrx_word' id='word_1_191' title='bbox 1262 1756 1351 1801; x_wconf 86' lang='lat' dir='ltr'>DG</span> <span class='ocrx_word' id='word_1_192' title='bbox 1371 1790 1381 1809; x_wconf 89' lang='lat'>,</span> <span class='ocrx_word' id='word_1_193' title='bbox 1419 1767 1596 1811; x_wconf 88' lang='lat' dir='ltr'>tempore</span> <span class='ocrx_word' id='word_1_194' title='bbox 1629 1757 1856 1808; x_wconf 74' lang='lat' dir='ltr'>desiderato,</span> 
     </span>
     <span class='ocr_line' id='line_1_26' title="bbox 589 1820 1852 1879; baseline -0.006 -11"><span class='ocrx_word' id='word_1_195' title='bbox 589 1829 616 1869; x_wconf 87' lang='lat' dir='ltr'>i.</span> <span class='ocrx_word' id='word_1_196' title='bbox 650 1841 688 1867; x_wconf 86' lang='lat' dir='ltr'>e.</span> <span class='ocrx_word' id='word_1_197' title='bbox 719 1834 922 1867; x_wconf 82' lang='lat' dir='ltr'>moueatur</span> <span class='ocrx_word' id='word_1_198' title='bbox 953 1825 1109 1879; x_wconf 80' lang='lat' dir='ltr'>planum</span> <span class='ocrx_word' id='word_1_199' title='bbox 1142 1820 1181 1863; x_wconf 89' lang='lat' dir='ltr'>G</span> <span class='ocrx_word' id='word_1_200' title='bbox 1204 1855 1216 1875; x_wconf 87' lang='lat'>,</span> <span class='ocrx_word' id='word_1_201' title='bbox 1249 1833 1426 1875; x_wconf 84' lang='lat' dir='ltr'>tempore</span> <span class='ocrx_word' id='word_1_202' title='bbox 1457 1822 1566 1867; x_wconf 81' lang='lat' dir='ltr'>dato,</span> <span class='ocrx_word' id='word_1_203' title='bbox 1596 1833 1664 1876; x_wconf 88' lang='lat' dir='ltr'>per</span> <span class='ocrx_word' id='word_1_204' title='bbox 1695 1821 1852 1875; x_wconf 81' lang='lat' dir='ltr'>spatium</span> 
     </span>
     <span class='ocr_line' id='line_1_27' title="bbox 593 1883 1854 1942; baseline -0.007 -10"><span class='ocrx_word' id='word_1_205' title='bbox 593 1891 790 1942; x_wconf 81' lang='lat' dir='ltr'>cognitum</span> <span class='ocrx_word' id='word_1_206' title='bbox 812 1922 823 1940; x_wconf 84' lang='lat'>‚</span> <span class='ocrx_word' id='word_1_207' title='bbox 855 1900 898 1928; x_wconf 79' lang='lat' dir='ltr'>ac</span> <span class='ocrx_word' id='word_1_208' title='bbox 931 1889 1070 1941; x_wconf 79' lang='lat' dir='ltr'>aliquot</span> <span class='ocrx_word' id='word_1_209' title='bbox 1106 1886 1396 1927; x_wconf 85' lang='lat' dir='ltr'>reuolutionibus</span> <span class='ocrx_word' id='word_1_210' title='bbox 1436 1884 1595 1939; x_wconf 73' lang='lat' dir='ltr'>peraCtis</span> <span class='ocrx_word' id='word_1_211' title='bbox 1616 1914 1628 1933; x_wconf 90' lang='lat'>‚</span> <span class='ocrx_word' id='word_1_212' title='bbox 1678 1883 1854 1925; x_wconf 86' lang='lat' dir='ltr'>obserue·</span> 
     </span>
     <span class='ocr_line' id='line_1_28' title="bbox 596 1947 1854 2004; baseline -0.004 -12"><span class='ocrx_word' id='word_1_213' title='bbox 596 1962 655 1993; x_wconf 85' lang='lat' dir='ltr'>tur</span> <span class='ocrx_word' id='word_1_214' title='bbox 679 1984 690 2003; x_wconf 87' lang='lat'>,</span> <span class='ocrx_word' id='word_1_215' title='bbox 723 1963 907 2004; x_wconf 79' lang='lat' dir='ltr'>quousque</span> <span class='ocrx_word' id='word_1_216' title='bbox 938 1951 1046 2004; x_wconf 81' lang='lat' dir='ltr'>virga</span> <span class='ocrx_word' id='word_1_217' title='bbox 1083 1949 1195 1990; x_wconf 73' lang='lat' dir='ltr'>flierit</span> <span class='ocrx_word' id='word_1_218' title='bbox 1230 1948 1392 2001; x_wconf 82' lang='lat' dir='ltr'>intrusa,</span> <span class='ocrx_word' id='word_1_219' title='bbox 1431 1949 1533 2002; x_wconf 85' lang='lat' dir='ltr'>quod</span> <span class='ocrx_word' id='word_1_220' title='bbox 1582 1947 1781 2002; x_wconf 83' lang='lat' dir='ltr'>vestigium</span> <span class='ocrx_word' id='word_1_221' title='bbox 1833 1959 1854 1987; x_wconf 85' lang='lat' dir='ltr'>a</span> 
     </span>
     <span class='ocr_line' id='line_1_29' title="bbox 599 2010 1855 2067; baseline -0.004 -11"><span class='ocrx_word' id='word_1_222' title='bbox 599 2016 685 2056; x_wconf 84' lang='lat' dir='ltr'>stilo</span> <span class='ocrx_word' id='word_1_223' title='bbox 724 2015 760 2052; x_wconf 84' lang='lat' dir='ltr'>in</span> <span class='ocrx_word' id='word_1_224' title='bbox 793 2014 922 2066; x_wconf 72' lang='lat' dir='ltr'>virgae</span> <span class='ocrx_word' id='word_1_225' title='bbox 957 2013 1160 2067; x_wconf 83' lang='lat' dir='ltr'>superficiei</span> <span class='ocrx_word' id='word_1_226' title='bbox 1195 2012 1368 2053; x_wconf 58' lang='lat' dir='ltr'>relietum</span> <span class='ocrx_word' id='word_1_227' title='bbox 1410 2011 1600 2053; x_wconf 81' lang='lat' dir='ltr'>indicabit.</span> <span class='ocrx_word' id='word_1_228' title='bbox 1680 2010 1855 2053; x_wconf 83' lang='lat' dir='ltr'>Denote-</span> 
     </span>
     <span class='ocr_line' id='line_1_30' title="bbox 596 2074 1855 2131; baseline -0.004 -13"><span class='ocrx_word' id='word_1_229' title='bbox 596 2088 657 2121; x_wconf 79' lang='lat' dir='ltr'>tur</span> <span class='ocrx_word' id='word_1_230' title='bbox 690 2087 779 2117; x_wconf 85' lang='lat' dir='ltr'>tuuc</span> <span class='ocrx_word' id='word_1_231' title='bbox 812 2076 873 2117; x_wconf 82' lang='lat' dir='ltr'>hic</span> <span class='ocrx_word' id='word_1_232' title='bbox 904 2078 1104 2129; x_wconf 74' lang='lat' dir='ltr'>celeritatis</span> <span class='ocrx_word' id='word_1_233' title='bbox 1133 2077 1317 2119; x_wconf 71' lang='lat' dir='ltr'>absolutae</span> <span class='ocrx_word' id='word_1_234' title='bbox 1347 2076 1483 2131; x_wconf 72' lang='lat' dir='ltr'>gradus</span> <span class='ocrx_word' id='word_1_235' title='bbox 1509 2076 1552 2119; x_wconf 81' lang='lat' dir='ltr'>in</span> <span class='ocrx_word' id='word_1_236' title='bbox 1583 2074 1855 2123; x_wconf 82' lang='lat' dir='ltr'>instrumento,</span> 
     </span>
    </p>
   </div>
   <div class='ocr_carea' id='block_1_3' title="bbox 602 2140 1854 2241">
    <p class='ocr_par' dir='ltr' id='par_1_4' title="bbox 602 2140 1854 2241">
     <span class='ocr_line' id='line_1_31' title="bbox 602 2140 1796 2241; baseline -0.002 -58"><span class='ocrx_word' id='word_1_237' title='bbox 602 2140 802 2198; x_wconf 80' lang='lat' dir='ltr'>posteaque</span> <span class='ocrx_word' id='word_1_238' title='bbox 833 2141 1003 2196; x_wconf 72' lang='lat' dir='ltr'>operatio</span> <span class='ocrx_word' id='word_1_239' title='bbox 1031 2150 1233 2196; x_wconf 67' lang='lat' dir='ltr'>tepetatun</span> <span class='ocrx_word' id='word_1_240' title='bbox 1754 2196 1796 2241; x_wconf 83' lang='lat' dir='ltr'>N</span> 
     </span>
     <span class='ocr_line' id='line_1_32' title="bbox 1799 2209 1854 2239; baseline 0 0"><span class='ocrx_word' id='word_1_241' title='bbox 1799 2209 1854 2239; x_wconf 87' lang='lat' dir='ltr'>on</span> 
     </span>
    </p>
   </div>
  </div>
 </body>
</html>
