1972 2652
609 219 667 267 ff
917 197 1068 254 'DE
1130 212 1527 256 METHODO

603 323 715 376 lyleos
745 337 900 364 mecum
931 323 1113 365 beneuole
1146 327 1454 367 communicauit.
1523 326 1631 382 Quae
1664 335 1751 365 cum
1779 324 1861 379 plu·

605 388 745 428 rimnm
780 389 819 427 in
854 386 988 426 receffu
1022 388 1160 428 habere
1195 391 1392 431 videantur
1414 423 1425 444 ‚
1476 401 1567 432 meo
1597 400 1705 429 more
1737 388 1864 443 explif

606 452 723 491 canda
753 459 789 491 et
825 450 975 492 vberius
1005 452 1211 493 excolenda
1242 453 1361 494 statui.

1193 533 1285 576 VII.

757 614 1041 660 Consideremus
1072 618 1182 668 igitur
1212 617 1251 657 in
1286 631 1423 671 genere
1455 618 1657 659 formulam
1701 620 1869 672 integra-

606 680 684 722 lem
710 678 792 734 sZ
815 683 900 734 dx,
931 683 968 721 in
1000 695 1071 734 qua
1102 682 1145 721 sit
1180 679 1217 722 Z
1250 682 1394 722 funffio
1428 694 1615 735 vtcunque
1652 695 1718 735 per
1743 695 1771 723 x
1789 692 1867 732 ety

605 746 814 796 composita
834 776 844 795 ,
897 757 991 796 quae
1042 746 1161 783 etiam
1214 747 1403 785 rationem
1455 745 1752 785 d1fferentialium
1788 757 1867 785 non

604 806 723 846 solum
758 807 872 859 primi
906 805 964 846 sed
999 806 1114 845 etiam
1154 805 1388 858 superiorum
1441 808 1618 847 ordinum
1672 809 1834 847 inuoluat
1855 837 1868 856 ,

605 881 648 909 ac
682 880 873 922 praeterea
906 882 1053 924 quoque
1088 880 1203 908 Vnam
1235 870 1359 923 plnres
1392 882 1441 909 ve
1481 869 1656 909 formulas
1676 870 1871 921 integrales

604 933 893 985 compleamur.
990 932 1064 972 Pro
1099 933 1177 972 eius
1208 942 1334 973 autem
1368 934 1678 973 determinatione
1709 932 1869 973 assuma-

604 1007 689 1035 mus
722 996 897 1048 integ-ale
930 996 980 1035 ita
1011 995 1122 1048 capi,
1155 1006 1197 1035 vt
1230 995 1416 1035 euanescat
1451 995 1748 1048 politox103
1781 1005 1864 1035 tum

606 1051 700 1097 vero
735 1059 820 1110 post
852 1060 1144 1109 integrationem
1176 1058 1382 1097 tribuamus
1413 1057 1480 1109 ipsi
1513 1068 1540 1095 x
1560 1057 1732 1096 valorem
1751 1069 1867 1109 quen-

604 1119 695 1160 dam
731 1122 862 1160 datum
895 1130 923 1159 x
944 1133 996 1159 z
1017 1132 1060 1171 a,
1089 1119 1203 1170 sitque
1237 1124 1274 1161 A
1306 1119 1441 1167 valor,
1473 1128 1588 1170 quem
1620 1118 1781 1158 formula
1808 1120 1869 1158 in-

603 1183 752 1234 tegralis
785 1194 869 1224 tum
904 1184 1052 1237 recipit.
1117 1180 1202 1222 Iam
1236 1182 1401 1237 quaestio
1432 1182 1469 1221 in
1502 1179 1579 1219 hoc
1612 1182 1796 1232 veri-atur,
1826 1189 1870 1222 vt

603 1245 756 1286 definiri
807 1246 941 1286 debeat
991 1258 1035 1285 ea
1085 1245 1218 1284 relatio
1271 1248 1364 1284 inter
1417 1256 1445 1283 x
1477 1252 1515 1282 et
1532 1256 1578 1292 y,
1613 1257 1665 1284 ex
1699 1257 1769 1298 qua
1801 1257 1869 1299 pet

604 1309 687 1351 istas
717 1309 954 1362 operationes
986 1306 1176 1348 maximus
1210 1307 1273 1347 vel
1321 1307 1500 1347 minimus
1549 1306 1659 1347 valor
1709 1321 1782 1362 pro
1831 1309 1869 1349 A

604 1372 830 1412 obtineatur.
899 1370 1008 1411 Hanc
1041 1370 1151 1423 igitur
1184 1371 1407 1410 relationem
1443 1370 1539 1408 inter
1572 1381 1600 1409 x
1634 1378 1671 1410 et
1698 1384 1739 1423 y,
1774 1383 1870 1424 quae

599 1435 762 1487 qusiefito
809 1434 1025 1485 stitisfaciat‚
1075 1435 1299 1485 aequatione
1350 1432 1511 1486 quadam
1543 1432 1618 1473 siue
1649 1432 1754 1474 finita
1785 1434 1860 1473 siue

599 1496 836 1537 differenti.÷li
868 1508 1109 1547 cu1u÷cunque
1142 1497 1281 1536 ordinis
1321 1496 1487 1549 exprimi
1537 1505 1686 1548 oportet
1707 1526 1718 1545 ,
1767 1508 1862 1548 quae

597 1560 751 1601 fimnc
797 1559 906 1599 fuerit
950 1562 1103 1599 inuenta
1125 1586 1137 1609 ‚
1189 1557 1388 1610 problema
1421 1568 1495 1611 pro
1527 1558 1648 1597 soluto
1687 1559 1759 1598 erit
1791 1558 1856 1598 lu·

609 1623 791 1664 bendum.

1187 1695 1303 1738 VIII.

759 1777 976 1828 PonamuS,
1008 1774 1066 1814 vti
1100 1773 1138 1815 in
1172 1773 1328 1826 Analyfi
1361 1772 1442 1815 fieri
1478 1772 1598 1825 solet,
1640 1771 1737 1812 hanc
1770 1769 1872 1812 rela-

601 1842 747 1883 tionem
781 1842 878 1880 inter
910 1850 937 1879 x
968 1849 1006 1879 et
1024 1851 1071 1889 y,
1105 1850 1198 1892 quae
1234 1838 1443 1891 quaeritur,
1473 1838 1549 1877 iam
1581 1835 1748 1876 constare
1771 1866 1783 1886 ‚
1815 1836 1870 1875 ita.

607 1916 650 1945 vt
683 1906 890 1957 quicunque
926 1903 1032 1943 valor
1065 1902 1237 1942 definitus
1270 1914 1343 1955 pro
1373 1914 1401 1942 x
1431 1898 1666 1950 assumatur,
1714 1899 1797 1938 inde
1831 1910 1869 1949 y

607 1978 769 2021 quoque,
798 1977 841 2005 ac
874 1966 1034 2017 proinde
1070 1968 1189 2006 etiam
1225 1964 1365 2005 functio
1398 1960 1451 2014 Z,
1492 1964 1661 2003 valorem
1682 1961 1869 2002 determi-

607 2041 739 2071 natum
773 2028 1008 2080 adipiscatur.
1101 2027 1374 2082 Concipiantur
1403 2027 1479 2067 hoc
1511 2026 1633 2065 modo
1673 2025 1865 2065 succeffiue

606 2106 679 2148 pro
710 2104 740 2132 x
771 2103 905 2132 omnes
938 2089 1122 2144 possibiles
1155 2092 1301 2131 valores
1333 2104 1354 2132 a
1386 2091 1554 2131 termino
1587 2099 1718 2129 xzo
1750 2098 1864 2140 vsque

604 2158 650 2199 ad
698 2156 903 2198 terminum
953 2165 1077 2196 x:::a
1127 2154 1319 2207 substitui,
1366 2155 1427 2211 qni
1477 2152 1680 2195 interuallis
1714 2150 1863 2218 infinite

1748 2221 1869 2267 paruis
