1972 2652
606 259 641 295 ⁶
1020 258 1139 312 <meze
1169 253 1185 313 )
1217 267 1244 298 0
1281 258 1296 307 (
1331 256 1445 308 ἓὶεέω

602 391 647 422 et
679 383 903 433 generatim
936 385 976 424 in
1009 383 1082 426 hac
1117 386 1247 425 forma
1285 372 1399 438 szn
1432 380 1863 435 comprehendunturz

607 445 673 485 vbi
706 460 799 486 cum
833 457 914 487 tam
951 457 1025 503 pro
1052 460 1090 488 m
1123 461 1245 503 quam
1281 456 1355 501 pro
1388 457 1412 485 n
1447 458 1591 487 omnes
1634 446 1749 498 plane
1788 457 1864 484 nu-

609 522 742 550 meros
777 511 951 552 substitui
983 512 1097 554 liceat
1119 543 1130 563 ‚
1163 511 1275 552 nulla
1327 522 1458 550 tamen
1503 510 1736 550 huiusmodi
1779 509 1862 549 fot·-

606 575 718 613 mula
758 587 897 615 veram
946 576 1196 630 peripheriae
1243 576 1513 629 quantitatem
1567 575 1752 627 praebet;
1802 571 1864 611 sed

606 648 862 687 quaecunque
894 638 1114 675 assumatur
1137 667 1148 686 ,
1199 639 1353 689 semper
1404 650 1425 676 a
1466 637 1638 678 veritate
1688 635 1866 686 recedit,

606 698 759 744 etiamsi
784 710 905 745 ,error
929 701 1135 740 *continuo
1166 698 1302 738 minor
1344 700 1454 738 reddi
1497 701 1624 753 posfit.
1706 698 1867 739 Deinde

606 764 846 814 quantitates
879 764 1003 804 etiam
1036 764 1168 804 surdas
1202 762 1494 801 introducendo
1529 763 1753 803 multitudo
1785 773 1865 801 nu-

608 823 818 866 mererum
857 826 961 867 intra
994 827 1149 867 limites
1184 838 1209 874 3
1243 835 1282 866 et
1313 837 1343 874 4
1374 833 1660 866 contentorum
1692 824 1866 866 vlterius

606 890 647 928 in
681 889 891 930 infinitum
918 901 1126 943 augetur,
1160 891 1235 943 qui
1273 890 1372 929 adeo
1401 901 1544 928 omnes
1579 890 1631 929 aab
1671 888 1755 940 iis,
1795 888 1868 942 qui

608 961 649 1003 in
684 956 860 1005 formula
899 956 1014 1020 3522
1043 968 1304 1006 vcontinentur
1343 964 1564 1016 discrepant
1586 995 1596 1014 ,
1636 975 1764 1016 neque
1801 970 1867 1006 ‘ta-

606 1038 702 1067 men
725 1029 858 1068 'etiam
892 1030 930 1068 in
966 1030 1029 1068 his
1063 1029 1171 1072 vllus
1209 1032 1438 1086 reperitur,
1471 1032 1541 1083 qui
1580 1030 1722 1072 circuli
1759 1031 1866 1084 peri—

611 1089 794 1142 pheriam
827 1094 963 1133 exaete
994 1095 1251 1136 dimetiatur:
1294 1094 1555 1148 quamobrem
1585 1097 1670 1134 eius
1703 1094 1869 1146 quanti-

607 1162 665 1195 tas
704 1156 855 1192 merito
894 1166 971 1206 pro
1006 1158 1302 1193 traiiicendeiite
1343 1155 1524 1191 habetur.
1604 1155 1725 1207 Quod
1759 1155 1869 1192 idem

605 1216 746 1254 musto
779 1215 907 1263 magis
937 1217 986 1253 tie
1018 1215 1204 1254 omnibus
1243 1213 1385 1253 circuli
1420 1214 1585 1253 arcubus
1625 1216 1680 1256 est
1712 1214 1868 1256 intelli-

606 1276 813 1328 gendum,
844 1277 896 1316 ita
933 1286 979 1317 vt
1012 1280 1238 1332 quicunque
1273 1277 1455 1331 capiatur
1487 1277 1595 1317 smus
1623 1279 1666 1318 in
1697 1268 1871 1332 circulo,

607 1352 726 1382 arcus
755 1340 829 1393 ἱρῇ
864 1341 1101 1394 respondens
1139 1345 1291 1396 semper
1333 1341 1382 1381 fit
1425 1344 1623 1395 quantitas
1666 1344 1867 1384 transcen·

611 1406 735 1455 dens3
784 1403 914 1458 sicque
962 1405 1082 1446 sol-us>
1113 1406 1288 1448 circulus
1338 1403 1543 1445 infinitam
1593 1409 1870 1460 quantitatum

609 1469 971 1515 transcendentium
1025 1470 1336 1511 multitudinem
1390 1470 1629 1523 suppeditet.
1686 1471 1868 1523 ,Deinde

613 1543 712 1573 vero
745 1535 867 1573 etiam
902 1534 1141 1584 logarithmi
1176 1536 1223 1576 ad
1256 1534 1411 1575 claffem
1447 1544 1717 1575 numerorum
1756 1527 1869 1575 tran-

608 1596 879 1636 soendentium
908 1599 998 1637 sunt
1030 1599 1220 1639 referendi
1242 1630 1255 1642 ,
1305 1598 1374 1651 qui
1406 1597 1507 1637 adeo
1545 1597 1590 1638 ab
1630 1597 1712 1638 illis
1733 1629 1746 1649 ‚
1796 1596 1867 1652 qui

613 1671 666 1699 ex
699 1660 852 1701 circu-lo
885 1662 1120 1713 nascuntur,
1155 1663 1314 1715 prorsus
1346 1662 1438 1701 sunt
1465 1661 1624 1702 diversi.
1690 1662 1779 1703 lam
1796 1674 1869 1701 ne-

614 1736 799 1765 monon
834 1725 945 1765 videt
966 1756 978 1775 ‚
1026 1725 1055 1766 si
1091 1737 1246 1779 praeter
1278 1726 1488 1767 fractiones
1539 1735 1579 1765 et
1629 1727 1869 1778 quantitates

613 1787 923 1827 transcendentes
955 1798 1007 1829 ex
1040 1789 1196 1829 circulo
1224 1800 1264 1830 et
1297 1789 1557 1840 logarithmis
1590 1798 1702 1830 ortae
1721 1791 1762 1830 in
1779 1789 1870 1830 sub-

613 1849 763 1889 sidium
797 1853 991 1887 vocentur
1011 1879 1025 1899 ,
1056 1858 1147 1889 tum
1180 1849 1286 1888 inter
1318 1849 1432 1886 binos
1473 1848 1637 1899 quos'uis
1676 1861 1870 1896 numeros

613 1907 923 1950 multitudinem
954 1924 1222 1953 numerorum
1274 1911 1506 1957 mediorum
1555 1909 1692 1950 multo
1741 1912 1870 1966 magis

605 1974 658 2014 ‘tin
694 1973 932 2014 immensum
967 1978 1134 2029 augeri3
1173 1988 1225 2017 ex
1263 1988 1348 2029 quo
1386 1975 1564 2014 maxime
1604 1975 1761 2014 mirum
1802 1975 1869 2017 vi-

613 2036 771 2077 debitur
798 2067 810 2088 ,
842 2050 890 2078 ne
923 2037 1001 2080 hoc
1034 2042 1198 2094 quidem
1233 2041 1356 2082 modo
1386 2036 1600 2078 interualla
1633 2039 1738 2079 inter
1754 2038 1869 2081 binos

615 2112 808 2141 numeros
839 2102 1014 2154 integros
1046 2106 1101 2144 ita
1135 2106 1313 2146 numeris
1345 2102 1484 2144 mediis
1515 2100 1671 2156 expleri
1693 2133 1704 2154 ‚
1738 2112 1785 2143 vt
1817 2104 1868 2144 iis

614 2175 759 2207 omnes
788 2163 907 2223 plane
937 2169 1174 2224 quantitates
1204 2171 1310 2213 intra
1341 2168 1502 2211 eosdem
1535 2167 1729 2212 terminos
1767 2178 1869 2206 con-

1775 2238 1866 2272 ten·
