1972 2652
411 190 1086 236 CAMPANARVM.
1301 204 1388 245 277

131 307 281 349 annulus
314 306 397 346 edet
431 306 561 346 sonum
585 335 596 355 ,
648 306 708 347 vel
741 305 942 346 secundum
963 337 974 357 ‚
1022 304 1084 345 vel
1117 303 1294 357 tertium,
1328 305 1390 347 vel

131 381 299 426 quartum
335 382 405 411 etc.
475 371 539 411 Ex
572 383 646 424 quo
679 371 914 421 intelligitur,
944 368 1123 409 rariffime
1155 370 1192 409 id
1226 370 1389 410 obtineri

131 435 232 489 posse
257 464 268 483 ‚
305 445 345 474 vt
379 434 472 474 vllus
507 435 644 475 horum
680 433 855 473 sonorum
890 445 1002 485 purus
1034 434 1186 483 edatur,
1220 445 1262 473 ac
1294 432 1392 472 sem-

130 511 200 552 per
229 498 305 538 fere
339 499 506 540 eueniet,
538 509 583 538 vt
601 497 941 550 quomodocunque
973 496 1129 536 annulus
1149 497 1400 549 percutiatur,

130 563 256 616 plures
287 562 364 600 [oni
398 561 505 601 simul
536 562 803 614 exaudiantur,
837 561 900 612 qui
933 570 1082 599 tantum
1114 560 1229 610 abest,
1249 570 1290 600 vt
1311 571 1396 613 per-

129 626 270 667 festam
305 624 547 664 harmoniam
583 623 770 670 referant,
819 633 862 660 vt
896 624 1019 673 potius
1049 622 1234 662 interualla
1270 622 1397 662 maxi-

132 702 195 731 me
227 687 365 728 dissum
400 687 636 727 constituant.
737 687 841 723 Inter
875 683 948 722 hos
980 695 1108 723 autem
1143 685 1303 725 diuersos
1338 685 1408 724 so·'

132 764 202 791 nos
236 754 357 790 modo
390 751 450 788 alii
482 750 618 800 aliique
653 746 875 786 eminebunt
904 775 917 797 ,
967 755 1077 798 prout
1117 747 1293 799 impulsio
1349 749 1397 789 ad

131 816 315 855 rationem
348 813 553 863 cuiuspiam
591 811 667 849 soni
703 808 884 860 simplicis
918 810 1076 863 propius
1106 809 1314 851 accesserit.
1347 809 1397 851 In

131 887 268 930 genere
303 885 432 913 autem
469 874 694 913 vibrationes
726 873 1015 924 frequentiores,
1046 873 1178 925 quibus
1209 872 1290 914 soni
1310 887 1394 916 acu·

130 944 241 981 tiores
272 937 519 990 respondent,
554 950 573 977 a
608 936 807 976 resistentia
839 936 944 977 citius
974 937 1254 990 extinguentur,
1286 951 1398 992 prae-

128 1004 241 1055 cipue
279 1001 301 1042 si
336 994 404 1053 per
436 1000 469 1039 se
502 1002 639 1040 fuerint
673 999 903 1052 debilioreS,
955 1009 992 1039 at
1026 1002 1131 1040 {onus
1181 1001 1399 1054 principalis

130 1065 359 1118 graulffiffius
408 1063 605 1103 diutiffime
660 1062 836 1114 durabit,
900 1063 1122 1115 reliquisque
1171 1064 1397 1116 plerumque

130 1129 293 1168 multum
347 1126 553 1164 antecellet.
651 1125 733 1163 Vix
781 1135 906 1165 autem
953 1126 1102 1164 euenire
1146 1127 1320 1178 poterit,
1352 1135 1398 1168 vt

130 1190 236 1230 idem
272 1188 423 1228 annulus
455 1189 596 1240 saepius
627 1186 808 1240 impulsus
841 1188 1002 1228 eandem
1056 1188 1165 1242 plane
1218 1188 1397 1232 sonorum

129 1254 341 1294 mixturam
371 1251 564 1291 exhibeat.

270 1368 341 1394 :20t
389 1354 489 1393 Hinc
539 1352 749 1394 cuiusmodi
800 1353 910 1394 sonos
959 1365 1167 1407 campanae
1203 1354 1395 1409 reddant,

127 1418 418 1472 quodammodo
453 1418 627 1470 colligere
663 1417 771 1468 licet,
801 1417 1104 1472 quandoquidem
1142 1430 1273 1459 mente
1292 1432 1393 1459 cam-

126 1493 242 1536 panas
275 1482 313 1521 in
346 1480 564 1522 huiusmodi
598 1481 755 1521 annulos
787 1481 957 1522 resolutas
995 1482 1246 1534 concipimus.
1330 1488 1393 1523 Ac

127 1547 260 1599 pritno
293 1544 449 1598 quidem
484 1544 723 1597 intelligitur,
756 1545 781 1585 fi
814 1556 950 1584 omnes
990 1546 1051 1586 isti
1085 1545 1211 1586 annuli
1264 1544 1398 1586 fuerint

131 1609 230 1648 inter
260 1608 293 1646 se
329 1607 528 1660 aequales,
563 1617 604 1647 vt
636 1607 757 1647 forma
791 1608 946 1660 prodeat
980 1608 1117 1648 crustae
1151 1608 1403 1659 cylindricae,

129 1670 288 1710 eandem
325 1671 497 1709 sonorum
544 1671 729 1710 rationem
778 1670 850 1710 effe
903 1670 1100 1719 futuram,
1153 1683 1394 1724 quaecunque

128 1733 239 1773 fuerit
271 1743 480 1783 campanae
518 1733 702 1785 altitudo,
739 1743 941 1786 propterea
975 1736 1076 1786 quod
1109 1733 1239 1786 singuli
1274 1734 1400 1776 annuli

125 1797 172 1837 ad
207 1807 314 1849 pares
346 1795 581 1834 vibrationes
610 1794 687 1834 sunt
719 1795 899 1835 instructi.
987 1796 1133 1836 Verum
1169 1797 1270 1839 idem
1304 1811 1401 1851 quor-

128 1871 200 1910 que
235 1859 387 1898 euenire
419 1857 549 1908 debet,
584 1857 672 1898 licet
701 1859 826 1898 annuli
859 1859 1005 1899 ratione
1036 1859 1295 1913 amplitudinis
1327 1861 1401 1901 dif-

127 1923 276 1973 ferant,
324 1921 543 1962 dummodo
588 1921 747 1961 latitudo
798 1922 1029 1975 singulorum
1083 1923 1260 1976 quadrato
1300 1924 1398 1966 radii

128 1986 292 2039 ipsorum
327 1984 434 2024 fuerit
466 1983 775 2039 proportionalis,
873 1984 1023 2027 Scilicet
1056 1985 1081 2027 fi
1113 1987 1237 2040 posito
1276 1989 1398 2028 cuius-

124 2072 196 2113 que
230 2058 356 2100 annuli
389 2058 494 2099 radio
528 2069 632 2109 εῖν,
663 2057 740 2097 eius
771 2057 933 2100 latitudo
963 2059 1071 2099 fuerit
1106 2051 1252 2112 5:⁷2}
1277 2093 1288 2114 ,
1324 2062 1399 2103 fiu-

124 2124 204 2179 guli
233 2121 359 2165 annuli
392 2122 439 2163 ad
469 2133 572 2178 pares
599 2124 708 2164 sonos
741 2122 905 2164 edendos
935 2133 1039 2165 erunt
1089 2126 1397 2174 accommodati,

282 2181 288 2186 ’
731 2185 779 2230 Μ
799 2199 840 2227 m
877 2197 902 2236 3
1273 2188 1394 2240 sicque
