1972 2652
490 218 940 270 Pisczth.
1283 236 1380 282 229*

114 335 233 382 Rima
265 336 437 391 vtrinque
468 337 607 394 Vnica,
640 339 897 394 semilunaris‚
933 336 1243 394 perpendicularis
1263 374 1274 396 ,
1313 343 1375 384 sub

118 403 337 457 membrana
378 433 389 456 ‚
451 402 648 443 retrorsum
700 401 861 457 expanla
913 405 959 445 ad
993 403 1187 444 branchias
1236 416 1341 460 patet
1361 440 1373 460 ‚

115 466 295 518 proxime
318 475 415 506 ante
448 465 588 518 pinnae
629 465 831 523 perstoralis
881 467 992 507 bafin.
1072 466 1214 521 Margo
1262 472 1376 511 totius

114 528 329 568 abdominis
350 560 362 582 ‚
395 528 441 569 ab
476 529 606 582 iugulo
638 531 683 569 ad
718 541 830 570 anum
867 542 1017 584 vsque,
1058 530 1181 571 limbo
1221 531 1376 573 semila-

115 592 228 645 nari,
263 592 482 646 producito,
531 591 763 632 craffiusculo
784 625 795 646 ,
850 593 1035 646 papillato
1058 623 1069 645 ‚
1104 607 1146 633 ac
1181 595 1374 636 substantia

114 667 201 694 cum
238 655 350 708 pinna
383 655 432 694 fic
463 655 566 695 dicta
600 657 744 709 adiposa
781 656 998 694 Truttarum
1034 657 1107 695 fere
1149 662 1374 698 conuenien-

114 725 183 765 te,
218 719 344 759 anetus
379 717 448 757 est.
512 717 723 758 Extremus
755 717 863 757 huius
895 716 1003 757 limbi
1037 730 1078 757 ac
1110 720 1206 759 dorsi
1240 733 1376 773 margo

111 780 151 820 in
183 780 280 832 pisce
311 782 492 832 minore,
528 782 625 819 inter
654 780 829 832 aculeos,
859 779 1007 834 glaber,
1028 783 1067 819 in
1100 783 1245 821 maiore
1278 796 1374 823 vero

112 843 360 883 denticulatus.
456 841 573 881 Linea
611 842 888 895 longitudinalis
920 843 1039 884 nulla.
1136 846 1244 886 Anus
1275 846 1374 887 inter

113 905 221 946 limbi
254 917 351 945 mox
384 903 474 944 dieti
506 904 623 945 finem
658 915 697 945 et
730 908 884 959 pinnam
918 907 981 947 ani
1015 906 1103 949 huic
1129 911 1368 962 proximam.

111 968 249 1009 Pinnae
279 978 423 1010 tantum
459 979 617 1024 quatuor
637 1003 649 1024 ⁷
683 971 777 1010 duae
809 982 951 1025 nempe
956 970 1194 1074 vpec‘turales
1214 1005 1226 1027 ‚
1262 975 1372 1015 vnica

111 1032 239 1087 dorsi,
289 1043 325 1072 et
356 1033 417 1072 ani
453 1046 555 1086 vna,
605 1033 797 1086 dispofitae
827 1034 1160 1088 it2‚1‚1inea
1193 1037 1290 1076 recta
1323 1038 1370 1078 ab

111 1107 184 1136 vna
219 1097 264 1135 ad
297 1095 451 1135 alteram
487 1096 634 1148 dueta,
670 1108 796 1136 aream
831 1097 1005 1149 vtrinqu'e
1038 1090 1229 1137 includant
1259 1099 1372 1139 trian-

110 1157 286 1210 gularem.
354 1159 473 1199 Pinna
506 1157 704 1212 pectoralis
738 1159 776 1197 in
812 1160 944 1199 medio
977 1160 1051 1200 fere
1083 1172 1278 1216 corpore,
1313 1163 1371 1203 ori

112 1221 251 1260 directe
282 1221 487 1274 opposita,
533 1220 619 1261 bafi
653 1221 802 1275 oblique
849 1222 1020 1263 deorsum
1074 1235 1118 1263 ac
1166 1229 1369 1267 retrorsum

107 1284 277 1336 [perstans
297 1316 308 1337 ,
344 1284 533 1323 radiorum
567 1283 773 1336 tredecim,
814 1296 834 1323 a
866 1287 998 1336 primo
1026 1285 1073 1325 ad
1104 1298 1282 1339 quartum
1319 1301 1370 1329 ex

97 1347 240 1386 ordine
280 1347 499 1398 longiorum
523 1376 535 1399 ,
586 1356 624 1385 et
656 1346 703 1385 ab
733 1346 808 1386 hoc
841 1348 885 1386 ad
921 1348 1100 1387 Vltimum
1134 1361 1185 1388 ex
1237 1350 1370 1390 ordine

105 1408 234 1448 sensim
269 1409 500 1448 breuiorum.
583 1408 700 1448 Pinna
734 1410 913 1449 dorsualis
946 1411 983 1450 in
1020 1411 1198 1464 marginis
1228 1425 1368 1466 corpo-

104 1470 153 1510 ris
187 1471 319 1522 postici
348 1470 565 1511 summitate
598 1472 749 1524 oblique
783 1472 846 1513 sita
869 1505 880 1527 7
915 1475 1097 1526 proxime
1128 1474 1174 1514 ad
1208 1478 1364 1517 tertium

102 1533 200 1572 dorsi
252 1534 420 1573 aculeum
445 1566 456 1587 ‚
513 1535 700 1575 radiorum
754 1538 800 1576 ad
855 1538 1060 1576 minimum
1114 1538 1327 1589 quindecim
1352 1571 1364 1593 ‚

105 1608 266 1647 quorum
315 1597 529 1635 intermedii
577 1598 787 1637 lateralibus
838 1597 1025 1650 longiores
1074 1610 1118 1637 ac
1151 1599 1363 1640 filiformes.

105 1656 218 1697 Pinna
251 1658 343 1710 ani,
375 1658 532 1698 dorsuali
566 1659 721 1713 similis,
753 1661 956 1713 eidemque
989 1660 1128 1700 diree'te
1163 1662 1361 1717 subiacens,

104 1719 172 1760 situ
207 1719 363 1771 obliquo
396 1721 434 1758 in
470 1723 647 1773 marginis
675 1724 843 1776 corporis
876 1724 1006 1776 postici
1042 1725 1139 1778 imo,
1171 1725 1360 1765 radiorum

101 1784 147 1822 ad
180 1782 385 1822 minimum
417 1782 574 1822 sedecim
598 1815 610 1836 ,
647 1785 876 1824 intermediis
906 1785 1130 1838 longioribus
1170 1786 1365 1828 filiformi-

103 1845 184 1886 bus.
248 1843 365 1887 Pinna
397 1846 533 1886 caudae
554 1878 566 1900 ,
602 1856 647 1886 vt
679 1847 754 1900 ipsa
788 1850 900 1888 cauda
921 1880 932 1902 ‚
965 1849 1077 1890 nulla.

522 1935 588 1995 M
612 1955 646 1994 e
671 1956 706 1994 n
727 1937 803 1994 su
828 1957 856 1994 r
878 1957 924 1996 a.

1163 2030 1354 2078 Linfars.

106 2086 327 2142 <Longitudo
356 2095 434 2129 tota
455 2121 466 2142 ‚
505 2090 550 2131 sc.
586 2091 633 2131 ab
666 2092 743 2133 oris
774 2101 950 2134 extremo
980 2092 1025 2135 ad
1059 2095 1246 2149 posticum

219 2153 392 2205 corporis
426 2154 639 2207 marginem
658 2175 1214 2193 ————————
1288 2099 1362 2223 72¹

726 2227 830 2299 ⁸Vv
863 2242 889 2269 2
1290 2231 1356 2272 Ab
