1972 2652
562 238 617 279 52
978 230 1092 279 ωὲθῖἓ
1127 227 1140 281 )
1175 239 1201 265 0
1239 224 1252 280 (
1285 226 1403 275 &23³⁶

720 342 819 385 Dies
851 342 976 383 sereni
1008 350 1077 382 aut
1113 341 1312 382 maiorem
1348 344 1506 391 partem
1540 338 1662 379 sereni
1706 341 1824 380 erant

564 419 665 457 1:³4·

721 470 847 510 Venti
880 469 1205 511 vehementiores
1240 482 1311 519 32.
1356 468 1568 511 Numerus
1599 475 1824 510 ventorum

559 534 925 576 vehementiorum
961 537 1167 577 maximus
1200 534 1331 576 mense
1366 533 1586 583 Ianuario,
1637 529 1824 584 Septem-

559 599 620 640 bri
654 609 791 637 autem
827 599 964 636 nullus
997 600 1088 636 fu't.

724 659 849 700 A'e'ris
881 658 1058 701 elestricj
1092 658 1253 699 effectus
1286 660 1436 714 saepius
1468 661 1510 699 in
1550 669 1624 698 acu
1662 668 1827 710 magne-

563 725 640 765 tica
671 724 706 764 se
738 723 1037 774 conipiciendos
1069 724 1280 773 praebuere
1312 737 1383 775 per
1417 723 1661 763 vibrationes
1682 752 1696 772 ‚
1747 732 1829 763 non

562 787 698 830 solum
731 784 845 826 coelo
878 784 1020 824 nubilo
1060 796 1098 824 et
1153 786 1386 838 tempestate
1434 783 1633 826 fulminea
1682 785 1831 826 immi>-

562 859 681 891 nente
703 880 714 899 ‚
747 849 808 889 sed
840 850 965 888 etiam
998 848 1110 890 coelo
1156 849 1303 892 sereno.
1382 848 1431 890 In
1483 849 1640 888 auroris
1690 858 1832 889 contra

564 913 788 955 borealibus
819 913 1036 964 vestigium
1068 912 1340 966 electricitatis
1387 914 1431 955 in
1480 923 1557 953 acu
1606 912 1833 965 magnetica

568 977 757 1033 adparuit
790 976 969 1018 nullum.

1154 1063 1235 1105 VI.

567 1148 943 1210 Recenfiones
1007 1147 1265 1204 binarum
1344 1147 1836 1211 Differtationum.

569 1230 813 1293 Historia
854 1242 918 1285 et
979 1229 1246 1289 Examen
1302 1228 1666 1307 Chymicum
1729 1231 1838 1295 La.

940 1312 1083 1396 pidis
1119 1312 1460 1395 Nephritici.

556 1426 832 1514 'Aufitore
877 1449 951 1508 D.
1000 1449 1039 1509 Ι.
1083 1449 1158 1509 G.
1196 1448 1545 1508 Lehmanno
1567 1469 1697 1530 pag.
1722 1452 1837 1527 381.

572 1584 824 1695 Diuersae
860 1596 1096 1639 Austorum
1131 1597 1178 1638 de
1218 1596 1294 1639 hoc
1345 1597 1478 1651 lapide
1524 1597 1734 1651 opinIOnes
1783 1601 1836 1637 ex

705 1662 821 1701 omni
858 1673 1042 1715 tempore
1074 1663 1185 1703 fuere
1207 1693 1217 1713 ‚
1263 1672 1303 1702 et
1354 1674 1438 1703 vno
1488 1662 1708 1715 eodemque
1761 1673 1836 1702 no-

573 1724 687 1763 mine
740 1737 846 1764 nunc
899 1738 1049 1764 verum
1105 1726 1302 1777 Lapidem
1355 1725 1650 1778 Nephriticum
1672 1759 1684 1778 ,
1730 1735 1837 1765 nunc

574 1785 840 1828 Malachitem
873 1819 885 1838 ,
955 1799 1062 1826 nunc
1119 1788 1314 1839 Lapidem
1373 1791 1632 1828 Amatonum
1663 1821 1675 1841 ,
1731 1799 1838 1830 nunc

574 1848 800 1892 Gallorum
848 1850 939 1887 Iade
974 1878 986 1897 ‚
1052 1849 1232 1901 aliosque
1283 1849 1435 1900 lapides
1485 1863 1631 1902 opacos
1688 1852 1839 1892 viride-

573 1912 718 1952 scentes
769 1909 1073 1962 infigniuerunt.
1144 1910 1304 1953 Auctor
1347 1909 1661 1962 differtationis,
1718 1917 1837 1963 iure,

575 1975 624 2016 ad
691 1986 816 2026 genus
881 1973 1087 2014 Smeftitis
1140 2007 1152 2028 ‚
1234 1975 1399 2028 eiusque
1463 1975 1634 2028 speciem
1671 2007 1682 2026 ,
1758 1978 1839 2018 La-

576 2039 718 2092 pidem
777 2036 1069 2091 Serpentinum
1106 2069 1117 2090 ,
1176 2050 1272 2079 eum
1325 2040 1454 2080 refert.
1553 2039 1667 2080 Hanc
1726 2039 1838 2081 suam

577 2102 813 2144 sententiam
868 2102 1117 2155 sequentibus
1177 2104 1427 2155 argumentis
1490 2104 1737 2158 comprobat.
1797 2100 1839 2155 1)

579 2166 700 2222 Quod
760 2164 1005 2222 plerumque
1067 2167 1114 2209 in
1170 2168 1314 2212 fodinis
1381 2166 1544 2222 Lapidis
1609 2166 1840 2223 serpentini

1771 2231 1843 2280 inf·
