1972 2652
377 257 1084 305 PARALLAXEOS.
1279 272 1367 316 443

117 376 219 429 siipra
286 370 453 427 primum
504 381 541 413 et
593 372 775 414 Vltimum
831 372 1081 414 immersionis
1131 383 1376 416 momentum

118 437 252 478 vocaui
274 470 284 488 ,
333 436 423 476 fiint
463 436 606 489 aliquot
658 436 912 489 hypotheses:
972 437 1188 490 contingere
1238 449 1380 491 nempe

118 502 342 553 supponatur
373 500 565 541 immersio
596 512 667 553 pro
700 501 787 540 dato
818 500 934 554 loco,
969 501 1179 542 momentis
1210 501 1379 553 T-l-r,

119 575 156 603 et
188 561 351 614 T-Js-O,
386 577 479 617 quae
513 576 607 603 vero
639 572 839 604 momenta
871 566 967 604 intra
1002 563 1140 604 limites
1177 566 1212 607 R
1264 574 1305 605 et
1353 562 1382 607 S

120 629 253 667 cadere
305 628 453 668 debent.
553 626 617 666 Ad
648 626 741 666 haec
775 636 953 680 tempora
988 628 1284 669 determinentur
1303 661 1314 680 ‚
1343 640 1385 678 v,

122 685 175 741 (D,
209 703 250 730 ac
284 688 317 740 1,
348 700 385 730 et
418 701 466 729 ex
499 689 727 742 posteriori,
773 690 909 741 angulo
944 702 1087 745 nempe
1118 690 1152 742 Ι,
1185 692 1387 745 inuestige-

123 763 181 793 t-ur
211 765 233 792 r
266 754 358 793 dato
388 753 478 793 loco
511 762 546 791 et
578 751 745 804 tempori
776 752 1013 805 respondens.
1113 752 1269 794 Valores
1326 754 1386 797 isti

124 818 160 854 in
194 816 395 855 formulam
430 817 534 866 supra
566 825 713 854 erutam
767 814 1002 868 introdusti,
1049 815 1075 856 si
1125 815 1244 868 ipsam
1297 830 1385 858 eua-

124 877 266 918 nescere
302 890 376 917 non
409 878 572 928 saciant,
622 876 776 917 difficile
834 891 912 918 non
963 879 1063 931 erit,
1115 878 1390 932 interpolando

124 953 301 994 quaerere
351 951 499 992 tempus
519 970 531 992 ‚
583 942 683 993 quod
723 942 911 983 eiusmodi
952 954 1023 996 pro
1053 954 1094 994 v,
1127 937 1191 994 Φ,
1223 942 1242 983 Ι
1272 955 1315 984 ac
1345 953 1387 993 r„

125 1004 331 1057 suppeditat
365 1004 513 1044 visores
534 1036 544 1054 ,
593 1005 656 1057 qui
689 1004 892 1046 formulam
926 1006 1093 1056 nostram
1129 1008 1177 1047 ad
1207 1018 1298 1047 zeto
1331 1018 1390 1047 re-

126 1069 284 1119 digunt,
319 1068 438 1121 sicque
475 1067 672 1119 problema
707 1069 941 1122 propositum
978 1069 1137 1110 sosuunt.
1202 1069 1312 1112 Idem
1339 1070 1389 1111 de

125 1131 342 1171 emersimus
358 1134 575 1170 ‘momento
611 1130 845 1172 statuendum
886 1133 952 1172 est.

275 1194 522 1233 Occasionem
559 1193 738 1245 praebent
789 1194 862 1235 hae
911 1194 1184 1249 disquisitiones
1230 1195 1394 1250 eleganti

102 1258 277 1299 ‘crudam
332 1256 556 1309 problemati
606 1256 858 1311 resoluendo,
926 1258 1029 1312 quod
1053 1291 1064 1311 ,
1130 1270 1395 1315 praeterquam

129 1323 229 1375 quod
282 1330 321 1359 et
371 1332 438 1372 per
488 1319 524 1358 se
567 1318 641 1358 huc
675 1321 892 1372 pertineat,
945 1322 1113 1363 laborem
1145 1325 1182 1364 in
1216 1321 1397 1378 superiori

129 1385 274 1425 calculo
306 1382 559 1422 deuorandum
597 1382 785 1435 insigniter
818 1384 1046 1424 imminuere
1099 1386 1234 1439 valet,
1287 1397 1397 1439 prae-

128 1449 252 1487 sertim
285 1445 313 1485 fi
348 1458 421 1484 non
454 1457 525 1496 pro
556 1447 671 1483 vnico
692 1478 703 1495 ,
754 1445 813 1485 sed
847 1459 919 1498 pro
953 1447 1115 1500 p‘luribus
1146 1448 1268 1501 locis,
1319 1450 1399 1489 im·

130 1510 322 1550 mersionis
375 1518 486 1561 atque
539 1507 755 1548 emersionis
815 1520 1014 1549 momenta
1081 1513 1241 1553 eruenda
1305 1512 1399 1553 sunt.

131 1573 247 1625 Supra
299 1572 374 1610 ium
426 1571 602 1610 auriotnui
623 1601 634 1619 ‚
688 1571 790 1622 plura
830 1574 976 1624 semper
1011 1571 1085 1613 esse
1118 1575 1282 1616 Telluris
1313 1575 1399 1616 loca

133 1633 419 1674 immersionem
454 1644 495 1671 ae
529 1631 782 1672 emersionem
819 1634 928 1676 simul
947 1636 1233 1689 conspicientia,
1266 1639 1400 1677 omnia

135 1708 228 1735 vero
263 1696 325 1733 ista
361 1695 440 1732 loca
475 1694 704 1746 deprehendi
742 1698 780 1735 in
814 1696 955 1736 circulo
988 1699 1153 1751 quodam
1189 1701 1227 1740 in
1269 1700 1401 1742 Tellu-

135 1761 184 1798 ris
217 1756 408 1809 superficie
443 1757 569 1796 due'to.
635 1759 736 1798 Fieri
767 1760 888 1813 itaque
926 1761 1048 1813 potest
1075 1791 1087 1811 ,
1137 1771 1181 1802 vt
1216 1764 1275 1804 isti
1321 1765 1401 1805 cir-

138 1822 207 1861 culi
230 1851 240 1863 ‚
269 1832 317 1858 ex
349 1832 509 1871 quornm
547 1820 754 1872 perimetro
789 1824 990 1864 immersio
1019 1835 1080 1865 aut
1113 1827 1275 1867 emersio
1307 1828 1400 1869 dato

139 1886 313 1924 videntur
347 1892 582 1931 moment0‚
632 1884 717 1924 aetii
758 1885 1030 1939 designentur,
1080 1888 1144 1929 ves
1193 1890 1233 1929 in
1284 1892 1401 1944 globo

139 1945 326 1988 artificiali
350 1975 360 1989 ‚
411 1946 473 1986 vel
508 1946 544 1984 in
580 1946 725 1999 plano,
783 1951 896 1990 totius
926 1951 1091 1992 Telluris
1120 1953 1400 2006 projectionem

136 2010 355 2050 exhibente.
421 2010 483 2049 Ad
518 2009 592 2049 hoc
626 2023 717 2051 vero
752 2023 847 2066 opus
880 2015 962 2065 est,
996 2024 1038 2055 vt
1071 2016 1224 2057 cuiusuis
1256 2017 1399 2059 horum

139 2075 365 2113 circulorum
418 2082 494 2112 tam
548 2073 683 2126 polus,
733 2088 844 2129 quam
881 2078 1076 2131 perimetri
1106 2079 1216 2132 ipsius
1249 2094 1268 2121 a
1304 2083 1400 2136 polo

143 2138 308 2177 distantia
328 2166 340 2186 ‚
387 2135 658 2177 determinetur
679 2170 689 2188 ,
723 2152 884 2192 quorum
916 2143 1031 2195 igitur
1062 2151 1276 2198 Vtrumque·
1300 2157 1400 2199 quo-

142 2201 263 2240 modo
297 2199 564 2253 inuestigetur‚
590 2200 866 2259 *disquirendum
902 2206 1007 2245 nobis
1038 2204 1104 2245 est.

721 2266 901 2316 Kkk3
1354 2267 1412 2313 Sit
