1972 2652
551 233 646 281 (με
891 221 1376 270 HISTORIA

555 342 639 385 mist
662 374 673 394 ,
703 341 803 395 quod
838 351 908 391 per
939 339 1074 376 horam
1109 349 1231 377 v-nam
1264 344 1305 377 et
1333 333 1516 377 semissem
1551 335 1625 390 igni
1658 338 1816 392 expost-

555 414 665 455 tum,
701 405 783 457 post
814 400 1141 452 refrigerationem
1178 402 1319 440 vitrum
1339 401 1560 441 continebat
1579 402 1813 443 vindcscens.

552 467 659 508 Inter
705 463 898 504 fluendum
921 495 933 517 ‚
970 464 1137 504 mixtum
1168 463 1440 516 spumescebat‚
1476 475 1517 504 et
1549 464 1584 504 se
1620 467 1658 504 in
1692 467 1815 506 cruci·

552 531 641 570 bulo
669 529 812 568 mirum
844 527 883 566 in
917 527 1079 566 modum
1109 527 1331 567 subleuabat.
1428 528 1516 568 Hoc
1566 530 1815 581 experimen-

550 602 633 634 tum
668 603 718 630 eo
752 594 897 633 maiore
929 591 1066 643 gaudio
1100 602 1164 629 me
1200 590 1323 630 affecit
1345 619 1357 638 ‚
1394 604 1470 644 quo
1501 603 1623 644 mag1s
1663 603 1714 631 ex
1764 603 1813 632 eo

547 656 806 697 conuenientia
837 655 1016 707 quaedam
1049 653 1180 706 lapidis
1213 653 1329 693 nostri
1358 666 1445 693 cum
1487 653 1688 694 amiantho
1735 655 1812 696 elu-

544 720 711 760 cescebat
731 750 742 770 ‚
775 729 922 773 qulppe
956 717 1019 769 qui
1049 716 1184 755 eadem
1222 717 1485 769 phaenomena
1513 746 1526 768 ‚
1559 729 1636 756 non
1666 726 1811 759 tantum

546 796 636 824 cum
672 785 772 823 nitro
801 782 877 822 hoc
907 778 1006 828 snm,
1039 791 1177 821 vetum
1210 781 1328 821 etiam
1359 792 1449 821 cum
1481 781 1646 822 Tastaro
1678 782 1812 841 Vinio-⁴

545 846 625 888 lato
643 874 655 895 ,
688 846 790 887 mihi
821 844 1053 885 exhibuerat.

693 961 924 1015 Progredior
955 972 1055 1001 nunc
1084 959 1132 999 ad
1165 959 1424 1013 experimenta
1447 989 1462 1012 ‚
1497 971 1583 999 cum
1617 959 1666 999 fic
1697 957 1810 1000 dietis

543 1023 721 1065 fluoribus
750 1026 942 1076 chywicis
974 1024 1147 1064 instituta.
1211 1024 1287 1063 Htc
1319 1024 1448 1076 primo
1480 1021 1569 1061 leco
1589 1022 1729 1076 fluoris
1746 1023 1809 1077 fic

541 1088 632 1128 diat·
664 1088 769 1128 crudi
802 1084 844 1140 Ξ]
890 1100 977 1127 cum
1011 1083 1077 1140 3¹j·
1113 1085 1244 1139 lapidis
1274 1086 1449 1126 calcinati
1479 1085 1556 1137 igni
1589 1084 1723 1124 tusorio
1741 1096 1811 1138 per

540 1149 676 1189 horam
731 1162 845 1188 vnarn
879 1149 1071 1202 exposui,
1115 1159 1153 1188 et
1186 1149 1364 1188 omnibus
1395 1146 1618 1200 rnfsigeratis
1645 1151 1806 1188 iconam

541 1215 698 1268 adeptus
732 1214 813 1253 (um
847 1212 986 1253 coloris
1016 1211 1170 1252 obscure
1201 1209 1312 1263 nigri.

689 1325 804 1367 Fluor
838 1327 941 1378 niger
972 1333 1010 1364 et
1042 1324 1137 1377 lapis
1169 1323 1394 1374 calcinatus,
1428 1323 1465 1362 in
1486 1322 1670 1376 praedista
1691 1334 1807 1376 quan-

539 1387 646 1426 titate
680 1389 811 1427 iisdem
844 1387 1103 1426 encheirifibus
1136 1388 1265 1427 fusioni
1295 1385 1599 1440 expofiti‚idem
1626 1388 1805 1427 dederunt

539 1449 788 1503 produstum.

689 1562 845 1602 Eodem
881 1560 1047 1614 pondere
1076 1572 1225 1614 quoque
1258 1560 1297 1600 in
1328 1558 1544 1600 adhibendo
1576 1557 1697 1598 fluore
1714 1557 1800 1600 albo

539 1623 621 1665 vsus
654 1626 762 1679 sum,
790 1634 829 1664 et
862 1624 1091 1676 producstum
1125 1625 1363 1678 praecedenti
1399 1621 1518 1662 fimile
1550 1622 1711 1661 obtinui.

678 1737 821 1777 Fluoris
852 1736 949 1788 nigri
983 1732 1052 1790 {rjss
1099 1735 1242 1776 horacis
1272 1734 1404 1774 mitae
1436 1727 1488 1787 3j.
1524 1730 1656 1784 lapidis
1689 1731 1803 1773 calci-

539 1800 617 1840 nati
650 1796 716 1854 3ij.
751 1813 815 1853 per
849 1800 1032 1852 integram
1066 1800 1202 1840 horam
1238 1798 1331 1838 fufixe
1365 1794 1676 1848 eleganuffimum
1698 1808 1798 1849 prae-

537 1862 672 1905 bebant
724 1864 863 1904 vitrum
915 1875 1066 1916 mgrum
1090 1894 1102 1917 ‚
1152 1863 1213 1903 ted
1265 1860 1406 1902 nullum
1457 1860 1578 1911 reguli
1612 1861 1797 1900 culusdam

537 1926 733 1980 ⁷'effigium
767 1927 960 1968 obseruare
991 1927 1111 1969 licuit.

692 2038 844 2091 Lapidis
875 2040 1047 2080 calcinati
1080 2036 1146 2095 3³}
1178 2036 1305 2078 fluoris
1334 2035 1544 2087 cuiusdam,
1564 2048 1640 2089 quo
1672 2037 1711 2077 in
1730 2036 1797 2077 do-

537 2099 685 2141 cimafia
736 2103 962 2142 minerarum
1015 2102 1241 2143 martiahum
1274 2099 1492 2152 plerumque
1529 2101 1690 2147 vtimur,
1721 2095 1802 2153 3vj,

539 2163 680 2204 eodem
715 2165 856 2214 modo,
887 2166 943 2204 vti
977 2168 1223 2217 antecedens,
1255 2164 1290 2209 se
1305 2163 1498 2218 gerebant.
1531 2163 1606 2205 Hic
1637 2163 1732 2205 fluor
1748 2172 1799 2202 ex

1677 2236 1794 2279 paru-
