1972 2652
324 197 787 252 TANGENTIVM
832 201 1194 251 INVERSAE.
1298 228 1379 265 »μ

119 319 263 375 Ρυηᾶο
294 321 343 377 Q
370 330 609 361 concurrent.
676 321 886 360 Habebitur
919 333 1011 373 ergo
1044 321 1119 361 hoc
1152 324 1233 363 casu
1265 325 1390 366 circu-

117 385 172 425 lus
193 416 203 435 ,
235 386 272 423 iu
306 397 377 437 qua
411 396 497 425 cum
533 384 713 437 applicata
744 397 792 423 ex
826 384 875 438 Q
899 385 1024 424 emera
1058 385 1149 439 QK
1198 386 1241 426 sit
1294 401 1383 429 uot-

118 447 211 488 mali
241 447 315 502 QI
349 447 489 501 quippe
523 448 625 487 radio
657 448 836 501 aequalis,
873 448 1027 487 circulus
1078 449 1154 488 hoc
1206 450 1379 502 singulari

117 511 237 550 modo
271 511 501 564 problemati
534 511 715 550 satisfacit.
812 509 913 550 Cum
968 513 1074 551 enim
1125 524 1259 552 omnes
1288 526 1382 554 nor-

116 573 237 613 males
267 574 303 613 in
337 583 468 613 centro
500 574 758 624 conueniant,
815 583 852 612 et
903 575 1090 626 applicata
1142 587 1193 614 ex
1250 588 1384 617 centro

117 635 240 676 eresta
275 636 358 689 ipsis
391 637 433 676 fit
465 637 644 691 aequalis,
676 636 874 689 problema
915 639 1043 689 vtique
1077 649 1146 689 pet
1199 639 1379 681 circulum

115 699 332 747 respiratur,
372 699 437 739 etsi
469 700 530 739 liic
564 698 766 751 aequalitas
814 699 1106 737 subnormalium
1139 701 1265 740 locum
1302 715 1383 743 nont

116 760 242 801 habet.
309 762 455 801 Verum
493 762 583 800 haec
626 760 762 798 solutio
812 763 958 811 penitus
1009 760 1062 799 est
1109 761 1296 813 singularis
1341 775 1382 806 ct

115 826 287 862 maxime
317 824 496 875 discrepat
528 823 574 862 ab
604 834 678 870 ea,
728 834 798 874 qua
830 823 919 861 aliae
955 834 1087 863 curuae
1121 823 1378 866 ihtisfacienres

114 886 323 938 inuestigari
358 886 494 925 debent
516 917 527 938 ,
561 888 598 924 in
631 884 756 937 quibus
788 886 950 925 omuino
978 886 1022 925 ad
1058 885 1203 927 infinita
1247 901 1378 929 curuae

115 950 254 1001 punita
286 949 395 989 simul
428 948 478 988 est
512 948 808 1001 respiciendum,
850 960 942 1001 quae
976 950 1187 1002 aequalibus
1230 951 1381 994 subnot-

115 1013 271 1053 malibus
303 1025 324 1051 a
359 1012 393 1051 se
427 1012 588 1050 inuicem
625 1011 705 1050 funt
735 1009 866 1050 diffita.

253 1085 318 1111 10.
352 1073 488 1125 Neque
523 1085 615 1111 vero
634 1074 722 1112 hinc
743 1073 959 1113 concludere
977 1073 1084 1128 licet,
1103 1078 1203 1128 quod
1222 1078 1381 1121 infinitis

117 1136 265 1189 punffis
285 1136 416 1174 eadem
436 1135 631 1174 conueniat
651 1135 915 1175 subnormalis:
937 1137 1074 1190 vbique
1094 1141 1238 1191 prorsus
1261 1155 1381 1194 quan-

117 1200 266 1238 titatem
312 1198 550 1238 fubnormalis
581 1197 651 1236 esse
684 1198 845 1237 eiusdem
882 1201 1181 1251 magnitudinis,
1216 1205 1374 1258 ideoque

115 1262 381 1313 constantem3
414 1258 588 1313 parabola
622 1259 753 1310 enim,
784 1271 843 1297 cui
878 1260 969 1299 haec
1004 1265 1215 1315 proprietas
1265 1280 1377 1309 com-

113 1328 239 1379 petit,
288 1325 413 1363 nostro
459 1321 686 1374 problemati
739 1322 901 1361 minime
955 1322 1126 1364 iatisfacit
1161 1358 1178 1379 ⁷
1219 1329 1374 1373 ,etiamsi

111 1398 244 1427 omnes
275 1389 440 1426 omnino
490 1382 739 1423 subnormales
788 1384 922 1425 habeat
975 1388 1160 1441 aequales.
1241 1391 1375 1446 Atque<

109 1448 206 1489 hanc
227 1448 278 1488 ob
297 1461 380 1488 rem
413 1448 532 1488 modo
566 1458 804 1497 monueram,
842 1460 889 1487 ne
921 1448 988 1489 illa
1020 1453 1250 1508 propositio,v
1278 1469 1374 1509 quae

107 1522 197 1552 cum
231 1512 356 1552 indole
389 1510 607 1564 praescripta
642 1510 870 1562 pumstorum
906 1511 959 1564 1,
992 1513 1027 1553 K
1048 1547 1058 1565 ,
1091 1515 1157 1560 L,
1189 1516 1236 1557 M
1291 1530 1374 1561 etc,

108 1574 368 1626 aequalitatem
395 1574 689 1614 l’ubnormalium
710 1575 960 1615 coniunxerat
986 1607 999 1630 ⁷
1028 1578 1247 1619 inuer‘tatur.
1293 1582 1376 1624 Res

108 1637 218 1688 igitur
248 1637 299 1677 ita
331 1637 482 1690 concipi
514 1637 658 1688 debet,
695 1647 754 1689 vt,
787 1639 1110 1691 quemadmodum
1145 1642 1327 1695 punctum
1350 1645 1372 1686 I

111 1699 159 1739 ad
192 1700 468 1743 innumerabilia
498 1698 570 1738 alia·
603 1698 739 1751 pumsta
769 1699 803 1739 K
824 1732 834 1751 ,
864 1699 898 1739 L
919 1731 930 1750 ‚
965 1700 1012 1743 M
1031 1731 1043 1746 ‚
1075 1709 1148 1743 et'c.
1183 1705 1371 1762 deducit,

109 1762 235 1815 quibus
266 1774 356 1802 cum
389 1762 461 1801 illo
487 1761 707 1800 communis
740 1761 987 1803 subnormalis
1039 1770 1269 1821 conueniat,
1297 1772 1369 1812 ita

109 1826 155 1865 ab
188 1823 261 1863 alio
293 1825 427 1877 quouis
460 1823 604 1875 punCto
637 1823 852 1876 incipiendo
883 1827 1077 1878 peculiaris
1124 1831 1230 1871 series
1278 1834 1370 1875 infi-

109 1889 273 1927 nitorum
306 1888 533 1940 punctorum
564 1887 733 1936 oriatur,
789 1888 916 1940 quibus
962 1892 1101 1943 pariter
1149 1898 1369 1939 communis

106 1951 441 2002 subnormalis,1ed
474 1948 521 1988 ab
550 1949 614 1988 illa
645 1949 795 2002 diuersa,
813 1954 1032 2005 conueniat,
1061 1954 1179 2007 ficque
1199 1958 1237 1997 in
1255 1971 1365 2002 curua

107 2012 278 2053 infinitae
308 2013 415 2054 series
444 2012 773 2053 innumerabilium
818 2015 1049 2067 pundiorum
1091 2020 1242 2075 concipi
1293 2024 1366 2065 de-

107 2076 229 2126 bem,
264 2089 418 2129 quarum
452 2087 691 2128 vnaquaeque
730 2076 795 2116 fibi
834 2079 1064 2130 peculiarem
1117 2084 1365 2138 subtangentis

108 2140 354 2192 quantitatem
390 2139 559 2191 habeat3
596 2138 646 2177 ita
676 2148 721 2178 vt
752 2140 894 2181 nullum
927 2155 1059 2183 curuae
1094 2148 1278 2198 pundium
1323 2151 1371 2190 fi-

107 2201 186 2244 mul
218 2203 263 2244 ad
294 2203 418 2258 plures
450 2203 557 2245 series
587 2202 787 2257 pertineat.
850 2201 916 2246 Ex
947 2219 1023 2261 quo
1055 2210 1236 2262 quaelibet
1281 2212 1366 2251 illa-

737 2263 767 2312 5
799 2278 825 2318 3
1275 2285 1360 2316 rum
