1972 2652
608 301 704 337 430
823 284 906 326 DE
937 279 1268 326 ΕΝΤΚΟΕΉΙΒΙ
1300 280 1376 323 ET
1402 277 1676 325 ASTERHS.

425 394 506 431 Tab.
534 394 807 439 §tl-“effictum
860 392 954 433 Tab.
999 391 1077 434 XI.
1130 392 1198 447 fig.
1246 399 1285 435 8.
1327 407 1369 444 9.
1422 394 1725 446 consideramus,
1775 396 1871 449 quod

426 443 500 495 1³58·
515 451 546 481 8·
563 458 709 515 9·quafi
760 460 993 498 incuruatum
1046 467 1084 497 et
1133 456 1409 510 complicatum
1444 457 1519 498 hoc
1549 458 1714 498 nostrum
1751 468 1876 512 petre-

447 653 517 702 Εἰς4
551 657 579 689 8.

444 731 516 784 fig.
547 749 578 783 9.

608 523 745 564 sacrum
767 549 778 571 ,
809 521 856 562 de
890 534 968 574 quo
1002 521 1110 561 nobis
1139 522 1262 561 sermo
1294 521 1347 562 est
1367 553 1378 574 ,
1411 521 1578 562 exhibet.
1644 521 1708 562 Ex
1739 522 1877 562 ambo-

607 588 672 627 bus
720 587 807 626 ideo
863 584 1038 626 lateribus
1096 584 1274 636 defignari
1331 586 1469 624 curaui.
1566 584 1618 625 Et
1675 595 1875 638 propterea

605 651 669 705 fig.
708 656 746 692 8.
779 661 816 689 a,
854 649 1151 701 protuberantias
1183 646 1265 687 istas
1287 675 1299 696 ,
1347 649 1383 688 b.
1429 647 1546 688 sulcos
1588 648 1809 701 parallelos,
1838 663 1874 691 c.

604 723 718 769 caput
756 712 944 762 exhibet,
987 724 1074 752 cum
1106 720 1238 752 contra
1273 710 1341 764 fig.
1377 723 1417 760 9.
1450 722 1596 765 partem
1630 712 1874 764 posteriorem

605 791 696 820 cum
728 778 842 817 cauda
868 776 1126 827 repraesentet.
1196 774 1381 828 Materia,
1413 787 1461 815 ex
1492 788 1564 829 qua
1597 774 1802 816 conflatum
1823 776 1879 817 est

607 842 684 883 hoc
717 837 964 893 petrefaetum
984 867 996 888 ,
1050 838 1103 878 est
1136 837 1231 891 lapis
1263 850 1422 878 corneus
1453 839 1691 878 sublutescens
1713 869 1724 889 ‚
1775 838 1878 880 locus

610 903 738 944 natalis
770 903 895 951 latet,
932 914 981 941 ex
1018 901 1195 942 Heluetia
1238 910 1369 941 tamen
1402 913 1491 941 eum
1525 901 1667 954 accepi.
1764 901 1879 954 Lapis

608 968 686 1022 ipse
717 966 942 1007 antecedens
976 967 1027 1006 est
1061 967 1240 1005 calcareus
1270 977 1321 1004 ex
1351 964 1439 1004 albo
1471 965 1663 1013 cinereus,
1700 973 1739 1003 et
1773 966 1876 1017 quod

609 1031 820 1071 dolendum
841 1059 853 1078 ‚
909 1029 948 1067 in
982 1028 1157 1069 inferiore
1188 1036 1296 1080 parte
1332 1029 1482 1082 politus.
1549 1026 1614 1068 De
1649 1028 1768 1081 patria
1801 1028 1879 1069 eius

608 1105 688 1135 non
721 1093 773 1132 est
804 1089 904 1145 quod
938 1091 1067 1131 dicam
1088 1123 1100 1141 ,
1132 1104 1221 1131 cum
1254 1104 1342 1131 eum
1373 1091 1432 1130 hic
1465 1090 1682 1143 Petropoli,
1711 1091 1773 1129 vel
1808 1091 1879 1131 ab·

608 1156 778 1209 ied’tum,
814 1153 905 1202 vel,
940 1155 1040 1208 quod
1076 1165 1175 1193 vero
1206 1152 1385 1204 similius,
1416 1154 1608 1206 perditum
1643 1152 1705 1192 sub
1738 1154 1800 1193 dio
1818 1154 1880 1195 in-

606 1220 793 1260 venerim.
857 1215 957 1258 Cum
990 1218 1101 1270 igitur
1134 1215 1231 1257 nihil
1264 1216 1355 1256 certi
1389 1216 1438 1255 de
1468 1216 1542 1256 hoc
1569 1216 1725 1255 noviter
1743 1217 1878 1257 inuen-

607 1294 652 1325 to
706 1280 914 1337 petrefac'to
964 1281 1166 1322 affeuerare
1214 1291 1349 1333 queam
1371 1311 1383 1330 ,
1431 1292 1530 1333 rogo
1565 1288 1681 1333 >atque
1712 1280 1878 1322 obtestor

608 1358 743 1386 omnes
775 1345 964 1385 Historiae
996 1344 1168 1385 naturalis
1207 1344 1450 1393 scrutatores,
1490 1352 1564 1391 vt,
1599 1355 1693 1397 quae
1722 1342 1768 1384 de
1800 1343 1878 1384 hoc

606 1407 776 1448 subiecto
831 1406 1022 1455 sentiant,
1071 1406 1137 1444 vel
1182 1407 1357 1458 priuatim
1398 1418 1550 1446 mecum
1572 1436 1586 1457 ‚
1634 1406 1699 1445 vel
1729 1406 1877 1458 publice

609 1481 698 1510 cum
734 1467 991 1522 Imperatoria
1023 1466 1234 1508 Academia
1263 1466 1534 1518 scientiarum,
1565 1467 1749 1508 beneuole
1765 1479 1877 1507 com..

610 1532 803 1574 municare
838 1544 917 1573 non
950 1530 1209 1585 dedignentur.

686 1850 1790 1869 oe——s-*r————Q—

838 2092 1658 2107 *ψ’-*-

1664 2288 1874 2337 ASTRO=
