1972 2652
251 199 336 244 DE
366 197 534 244 MOTV
563 194 874 242 CORPORVM
906 196 1291 242 COELESTIVM.
1349 213 1433 255 545

325 326 364 354 2.
399 312 541 352 Verum
577 311 690 352 etiam
724 310 786 352 hic
816 311 937 362 casm,
975 313 1014 351 in
1046 324 1122 366 quo
1155 312 1237 352 solo
1267 310 1441 370 Geome-

185 384 263 416 trae
298 388 453 429 operam
488 375 588 415 suam
634 388 710 414 non
750 377 915 415 omnino
965 375 1089 415 frustra
1140 377 1440 427 consumsterunt,

183 440 401 492 neutiquam
435 451 506 491 pro
536 440 709 479 confecto
741 438 871 479 haberi
903 438 1054 491 potest.
1103 452 1189 479 cum
1232 441 1307 493 ipsa
1359 454 1441 482 me-

182 501 318 542 thodus
350 502 670 555 appropinquandi
693 531 704 550 ,
723 515 791 553 qua
824 499 1058 542 Geometrae
1094 503 1147 542 vti
1180 503 1320 554 solent,
1355 504 1438 557 plu.

180 565 290 605 rimis
323 564 598 606 difficultatibus
626 564 747 605 adhuc
788 565 830 605 sit
882 565 1081 616 inuoluta,
1132 577 1242 619 atque
1293 566 1442 609 infinita

181 630 375 668 minorum
410 628 732 681 perturbationum
768 628 972 667 multitudo
1006 628 1241 682 negligatur,
1286 643 1363 684 quo
1396 630 1440 672 fit

181 701 224 730 vt
257 691 347 731 hacc
382 692 457 744 ipsa
489 691 779 742 approximatio
812 692 1007 742 negotium
1043 693 1201 732 minime
1236 693 1437 747 conficiat,

177 755 238 794 led
271 756 318 793 ad
351 767 434 794 eam
467 752 735 806 perficiendam
772 753 935 806 plurima
970 753 1090 793 adhuc
1122 755 1348 797 adminicula
1374 758 1436 797 de-

178 816 390 858 siderentur.
475 817 604 870 Quare
637 816 701 856 etfi
736 826 863 856 motus
894 816 1026 856 Lunae
1060 828 1110 856 ex
1152 817 1224 858 hac
1267 819 1438 859 Theoria

177 881 259 920 satis
290 889 458 920 accurate
491 879 542 920 est
576 879 745 921 definitus
773 911 785 934 ‚
817 880 854 920 id
887 890 1010 920 tamen
1043 881 1171 933 potius
1203 881 1439 935 singularibus

176 944 456 984 circumstantiis
476 973 487 992 ‚
522 956 614 997 quae
648 945 686 983 in
719 942 825 984 Luna
861 944 988 983 locum
1025 944 1250 996 inueniunt,
1284 946 1337 986 est
1371 949 1440 986 tri-

176 1007 378 1058 buendum,
417 1019 527 1059 quam
561 1008 725 1062 cuipiam
765 1007 998 1060 perfectioni,
1034 1007 1080 1047 ad
1117 1020 1231 1060 quam
1267 1008 1438 1051 Theoria

174 1070 303 1110 euecta
336 1071 472 1110 censeri
503 1081 645 1124 queat3
680 1070 706 1111 fi
739 1072 847 1111 enim
880 1070 987 1111 Luna
1022 1070 1078 1110 bis
1107 1070 1168 1109 vel
1200 1079 1255 1111 ter
1291 1071 1438 1125 longius

174 1145 195 1173 a
228 1141 320 1173 terra
352 1133 515 1185 abesset,
550 1135 609 1175 vel
642 1135 722 1174 eius
754 1134 876 1174 orbita
913 1134 1032 1187 magis
1064 1134 1153 1173 esset
1185 1135 1399 1176 excentrica
1422 1166 1435 1186 ,

173 1208 311 1236 omnes
342 1196 485 1237 labores
515 1196 638 1238 adhuc
683 1199 864 1238 exantlati
914 1198 1024 1237 omni
1057 1196 1179 1237 frucstu
1221 1196 1437 1251 caruissent,

172 1272 216 1299 ac
245 1272 292 1300 ne
327 1273 423 1300 nunc
442 1261 591 1314 quidem
611 1261 690 1301 eius
723 1271 872 1301 motum
905 1261 1029 1301 obiter
1064 1261 1193 1303 saltem
1218 1262 1266 1302 ad
1289 1269 1434 1303 certam

169 1324 357 1376 quandam
390 1324 556 1378 regulam
591 1337 765 1365 reuocare
797 1324 944 1365 liceret.

317 1465 361 1501 3.
397 1451 606 1492 Plurimum
641 1451 754 1504 igitur
798 1451 828 1491 is
862 1450 900 1490 in
943 1450 1114 1491 Theoria
1169 1451 1435 1493 Aaronomiae

168 1512 387 1564 praestitiffe
417 1515 509 1551 effet
558 1514 787 1560 censendus²
845 1514 907 1563 qui
953 1513 991 1551 in
1046 1512 1251 1563 hypothesi
1305 1514 1432 1569 ficta,

168 1585 237 1626 qua
257 1573 363 1613 Luna
388 1573 511 1612 multo
538 1571 687 1623 longius
719 1586 739 1612 a
773 1583 866 1613 terra
899 1574 1054 1624 abeflet,
1074 1575 1149 1614 eius
1181 1584 1333 1616 motum
1353 1576 1432 1617 affi-

167 1647 280 1689 gnare
314 1635 500 1686 valuerit,
530 1647 617 1676 cum
651 1636 736 1676 inde
777 1636 952 1677 maxima
990 1638 1203 1677 adiumenta
1244 1638 1283 1678 in
1331 1639 1432 1681 hanc

167 1698 361 1739 scientiam
393 1708 496 1739 certo
527 1701 642 1739 effent
690 1701 952 1741 redundatura.
1036 1700 1074 1741 Si
1114 1701 1266 1754 quidem
1318 1702 1428 1745 Luna

168 1763 308 1803 centies
340 1761 487 1815 longius
520 1774 539 1801 a
574 1773 669 1802 terra
698 1764 792 1804 effer
814 1774 973 1812 remora,
994 1763 1135 1803 nullum
1168 1764 1218 1804 cst
1252 1764 1432 1819 dubium,

168 1826 253 1880 quin
285 1825 385 1877 leges
417 1835 541 1865 motus
577 1826 748 1879 planetae
784 1827 1004 1880 principalis
1036 1826 1123 1866 effer
1155 1826 1341 1880 secutura,
1361 1841 1426 1870 ne-

167 1901 235 1942 que
269 1888 441 1941 amplius,
462 1898 635 1942 tanquam
669 1890 810 1930 satelles
844 1900 973 1944 terrae,
998 1889 1151 1943 spectari
1186 1889 1325 1944 poffet.
1363 1891 1429 1934 Sin

167 1962 293 1992 autem
328 1953 448 1991 decies
481 1962 624 1993 tantum
681 1955 800 2007 magis
852 1953 1022 2001 distaret,
1074 1956 1150 1993 eius
1201 1966 1326 1996 motus
1373 1957 1427 1997 ita

169 2015 265 2055 foret
299 2024 565 2068 comparatus,
618 2026 662 2056 vt
713 2018 752 2057 in
784 2017 899 2057 dubio
950 2017 1245 2071 relinqueretur,
1293 2030 1426 2060 vtrum

166 2078 325 2132 planetis
354 2080 623 2132 primarii5‚a11
655 2079 892 2132 secundariis,
926 2081 1013 2121 efflet
1049 2081 1282 2123 accensenda.
1319 2083 1428 2122 Tan-

167 2151 299 2197 topere
332 2152 433 2182 certe
462 2142 508 2183 ab
544 2144 721 2185 omnibus
762 2145 931 2187 motibus
980 2145 1019 2185 in
1069 2146 1182 2187 coelo
1227 2146 1427 2187 obstruatis

229 2206 412 2249 Tom.X.
425 2208 528 2249 Nou.
538 2205 704 2248 Comm.
980 2204 1046 2249 Zz
1056 2221 1078 2248 z
1290 2207 1424 2248 discre-
