1972 2652
587 218 644 250 ιο
1010 205 1126 267 φῇς
1157 202 1174 263 )
1205 217 1234 247 0
1267 201 1282 260 (
1311 202 1428 256 &323⁴-

583 321 690 363 inter
722 330 860 364 omnes
895 317 1017 361 lineas
1050 333 1073 361 a
1107 319 1259 375 puncto
1292 317 1517 361 sublimiori
1557 318 1604 359 ad
1643 316 1848 359 humilius

583 386 720 428 duitas
746 400 789 427 ea
808 386 1096 440 quaerebatur,
1127 386 1244 440 super
1277 397 1355 440 qua
1387 395 1509 436 graue
1541 393 1724 439 tempore
1754 385 1845 426 bre-

583 450 748 492 viffimo
781 451 982 492 descendat
1003 484 1015 505 ‚
1048 463 1171 505 quam
1205 452 1408 503 egregiam
1444 458 1736 504 proprietatem
1771 459 1846 498 cy-

581 514 704 554 cloidi
746 525 978 570 competere
1018 517 1238 556 inuenerat.
1316 514 1540 556 Methodus
1569 523 1731 563 autem,
1765 523 1843 565 qua

584 577 663 617 Vir
697 578 979 620 celeberrimus
1009 590 1096 620 erat
1127 582 1241 629 vsu5‚
1273 579 1386 620 fratri
1418 580 1541 633 ipsius
1571 588 1667 619 natu
1697 575 1843 617 maiori

582 638 719 681 Iacobo
751 637 935 679 Bernoulli
970 639 1177 678 manifesto
1209 643 1453 681 occasionem
1487 641 1705 695 praebuiffe
1729 639 1844 679 vide-

584 712 654 743 tur
705 701 951 744 solutionem
1001 700 1138 751 magni
1195 699 1454 752 problematis
1506 703 1810 754 isoperimetrici
1831 731 1845 752 ‚

582 768 692 821 quod
726 766 909 820 deinceps
943 764 1133 804 trac‘iauit
1154 795 1166 814 ,
1200 764 1433 805 meditandi.
1497 764 1707 806 Latiffimo
1739 765 1845 806 scili-

583 840 648 871 cet
681 830 836 871 ambitu
870 841 1011 871 omnes
1045 829 1170 869 huius
1209 829 1366 880 generis
1397 830 1643 883 quaestiones
1679 831 1723 871 in
1766 829 1845 871 hoc

584 895 834 951 problemate
881 895 935 935 est
978 893 1215 949 complexus
1238 925 1250 946 ‚
1299 903 1347 934 vt
1386 895 1492 935 inter
1541 906 1683 935 omnes
1719 892 1846 934 lineas

583 961 690 1000 intra
723 960 811 1001 data
844 961 927 1002 duo
964 960 1112 1013 puncta
1152 959 1377 1010 ducenda5‚
1427 958 1510 1000 fiue
1561 959 1728 1000 debeant
1773 954 1849 998 effe

584 1024 762 1064 eiusdem
797 1024 1089 1077 longitudinis,
1123 1025 1255 1069 (vnde
1288 1024 1455 1078 quidem
1487 1035 1639 1065 nomen
1681 1024 1846 1077 isoperi-

585 1087 747 1131 metrici
787 1089 841 1129 est
883 1087 1046 1144 natum)
1090 1088 1175 1129 siue
1218 1088 1295 1128 alia
1345 1091 1521 1139 quadam
1558 1088 1696 1128 indole
1731 1100 1849 1128 com-

584 1153 706 1191 muni
740 1153 939 1200 praeditae
961 1177 973 1197 ,
1012 1157 1103 1185 eam
1139 1146 1429 1193 inuestigaret‚
1470 1158 1573 1195 quae
1610 1146 1680 1183 vel
1712 1147 1851 1186 maxi-

583 1222 698 1252 mam
739 1220 874 1249 aream
898 1239 910 1258 ,
951 1208 1019 1248 vel
1060 1208 1165 1248 circa
1205 1206 1349 1246 datum
1386 1217 1506 1246 axem
1544 1215 1675 1246 rotata
1713 1211 1849 1250 maxi-

585 1286 709 1316 mum
741 1271 940 1322 solidum,
980 1270 1047 1311 vel
1080 1272 1122 1311 in
1155 1281 1300 1323 genere
1332 1282 1635 1324 quamcumque
1674 1273 1848 1314 maximi

586 1339 807 1378 minimiue
847 1335 1142 1391 proprietatem
1185 1337 1420 1376 contineret.
1492 1333 1741 1377 Methodum
1773 1349 1846 1377 au-

587 1411 673 1443 tem
696 1433 707 1454 ,
757 1414 835 1456 qua
885 1401 1067 1441 summus
1113 1398 1226 1439 illius
1273 1400 1471 1454 temporis
1526 1398 1747 1442 Geometra
1793 1401 1849 1443 est

586 1468 701 1519 vsus‚
738 1466 1023 1520 perpendentes
1056 1465 1248 1518 ancipites
1282 1465 1508 1518 haeremus,
1540 1473 1687 1506 vtrum
1720 1466 1849 1519 magis

587 1532 672 1571 eius
708 1529 983 1571 incredibilem
1019 1530 1254 1584 patientiam
1289 1532 1331 1571 in
1366 1530 1642 1585 prolixiflimis
1678 1539 1721 1570 et
1762 1540 1848 1571 tae-

588 1594 813 1635 diofiffimis
854 1593 1019 1635 calculis
1066 1595 1355 1646 expediendis,
1405 1609 1455 1635 an
1495 1597 1699 1636 summam
1740 1596 1850 1648 saga-

587 1658 753 1698 citatem
787 1659 829 1698 in
862 1656 1182 1699 conclusionibus
1224 1659 1311 1699 satis
1353 1660 1555 1700 concinnis
1594 1659 1687 1699 inde
1723 1661 1850 1701 dedu-

589 1724 723 1763 cendis
761 1723 951 1762 admirari
992 1722 1214 1761 debeamus.
1299 1724 1362 1764 Ob
1401 1722 1502 1766 hanc
1544 1725 1670 1777 ipsam
1712 1734 1850 1764 autem

589 1788 769 1835 causam,
800 1786 907 1836 quod
939 1783 1210 1823 conclusiones
1243 1787 1468 1834 prodierint
1500 1790 1588 1823 satis
1620 1789 1852 1838 concinnae,

591 1860 690 1889 mox
723 1846 908 1898 suspicari
940 1846 1107 1894 licebat,
1138 1845 1251 1883 viam
1285 1843 1514 1896 planiorem
1544 1857 1590 1884 ac
1619 1847 1850 1888 breuiorem

589 1911 677 1952 dari
719 1909 859 1950 eodem
904 1909 1223 1962 perducentem5
1260 1920 1386 1960 quam
1426 1910 1551 1948 etiam
1593 1909 1679 1948 eius
1729 1911 1849 1952 frater

591 1975 727 2016 iunior
769 1972 954 2014 Iohannes
990 1973 1084 2013 satis
1124 1970 1293 2013 feliciter
1332 1973 1390 2013 est
1428 1971 1652 2024 ingressus,
1690 1975 1849 2017 etiamst

590 2040 724 2081 statim
759 2051 835 2090 pro
867 2038 1106 2091 quibusdam
1135 2037 1283 2077 casibus
1315 2036 1436 2078 nimis
1466 2037 1699 2078 absconditis
1723 2053 1850 2093 nego-

593 2106 700 2144 tium
730 2102 866 2142 minus
900 2100 1114 2141 succefl‘erit
1139 2134 1150 2153 ,
1183 2114 1307 2156 quem
1342 2111 1475 2142 tamen
1506 2102 1705 2143 defec'tum
1735 2105 1850 2145 dein·

593 2180 699 2223 ceps,
730 2175 818 2209 toto
848 2166 927 2209 hoc
960 2175 1202 2219 argumento
1233 2166 1472 2222 profundius
1505 2168 1734 2220 retractato,
1765 2167 1850 2209 lar-

1738 2233 1846 2286 gitet
