1972 2652
566 298 657 339 440
894 283 1009 326 DE
1073 264 1528 324 EFFECTV

564 396 600 438 se
634 395 796 437 inuicem
821 424 832 444 ‚
865 392 1018 446 reperiri
1055 394 1179 448 potest
1200 426 1211 446 ,
1246 408 1363 450 quare
1393 407 1483 437 cum
1519 393 1650 449 aliquis
1682 394 1759 436 eius
1772 393 1834 436 fai

565 471 665 502 turus
699 459 740 498 fit
770 457 808 496 in
860 457 1094 510 sequentibus
1148 460 1229 499 vsus
1252 492 1263 514 ,
1303 460 1367 501 hic
1422 468 1678 509 annotatum,
1731 458 1836 500 disto

564 534 638 575 hoc
671 529 807 584 angulo
839 528 888 573 Ι,
921 529 1002 570 fore
1034 517 1368 593 tang·13'ffffi3·

714 616 887 658 Deriuari
921 614 1076 670 possunt
1124 627 1175 655 ex
1207 617 1344 658 eadem
1378 617 1540 658 formula
1581 616 1688 671 supra
1736 623 1839 657 eruta

564 680 686 722 adhuc
716 681 795 721 duo
825 690 1028 721 momenta
1058 679 1128 720 alia
1151 710 1163 731 ,
1197 680 1236 720 in
1267 680 1424 722 transitu
1457 681 1635 722 Planetae
1667 679 1730 722 sub
1748 677 1841 721 Sole

569 746 743 786 maxime
775 745 968 785 notabiua.
1045 744 1180 796 Liquet
1221 756 1271 784 ex
1303 744 1408 798 supra
1437 743 1609 785 adduffis
1631 775 1643 796 ,
1695 743 1840 796 locum,

568 810 635 862 qui
667 809 806 863 primus
841 807 946 847 videt
979 807 1267 847 immersionem
1290 838 1301 853 ‚
1333 809 1404 849 effe
1437 820 1553 859 eum,
1589 808 1657 848 vbi
1689 805 1842 859 superfi-

569 874 672 923 cies,
707 871 836 912 omnia
872 870 1010 924 punsta
1033 899 1043 915 .
1077 883 1171 924 quae
1215 871 1392 912 Planetae
1434 883 1455 910 a
1500 870 1594 912 Sole
1627 870 1844 922 elongatio-

568 946 660 975 nem
695 935 946 989 conspiciuut,
983 935 1046 976 iub
1077 934 1212 987 angulo
1250 931 1277 974 δ
1310 934 1669 989 comprehendens,
1704 932 1840 973 Tellu-

567 1011 652 1040 rem
687 998 867 1052 interius,
901 1001 962 1039 seu
995 999 1230 1039 concauitate
1264 999 1350 1051 sua,
1400 1011 1443 1039 ae
1474 1010 1496 1038 e
1528 1007 1661 1038 contra
1717 1007 1807 1038 eum
1830 1027 1842 1048 ,

568 1063 634 1115 qui
667 1061 821 1102 vltimus
852 1062 958 1102 videt
992 1061 1281 1103 immersionem
1304 1094 1317 1115 ,
1352 1063 1459 1103 istum
1483 1093 1495 1116 ‚
1530 1062 1569 1102 in
1616 1073 1693 1114 quo
1742 1059 1845 1100 dicta

567 1123 783 1178 superficies
811 1125 1007 1165 Tellurem
1040 1126 1210 1165 exterius
1240 1127 1484 1166 connexitate
1521 1124 1582 1166 sua
1615 1125 1807 1176 contingit
1828 1149 1840 1172 ‚

568 1188 801 1229 contrarium
836 1200 931 1228 veto
961 1187 1090 1228 valere
1124 1201 1199 1242 pro
1234 1189 1458 1229 emerfione.
1552 1187 1678 1230 Facile
1713 1197 1844 1229 autem

571 1250 831 1307 perspicitur,
867 1251 950 1292 fieri
985 1251 1058 1292 hos
1090 1252 1288 1292 contaaestus
1322 1253 1362 1293 in
1395 1253 1536 1306 plano,
1580 1263 1650 1305 per
1682 1250 1814 1293 Solem
1834 1282 1845 1302 ,

571 1316 739 1357 Terram
772 1325 881 1370 atque
913 1315 1109 1357 Planetam
1141 1316 1364 1370 transeunte,
1398 1315 1499 1356 vnde
1532 1314 1693 1356 formula
1725 1315 1847 1356 nostra

574 1380 692 1419 etiam
713 1379 813 1419 hisce
832 1380 970 1420 cafibus
986 1380 1104 1432 aptari
1125 1380 1260 1433 potest.
1310 1380 1450 1420 lnueni
1467 1388 1595 1420 autem
1616 1379 1722 1420 dieto
1741 1378 1847 1418 radio

575 1458 698 1489 terrae
716 1464 750 1506 g,
769 1461 842 1503 pro
859 1449 1033 1490 contaCtu
1049 1451 1256 1503 exteriore,
1276 1451 1342 1491 fin.
1360 1446 1516 1500 (ΦΑ-δ
1532 1456 1543 1494 )
1557 1434 1816 1508 :Psi'fsss‘
1835 1479 1848 1500 ,

576 1534 621 1563 ac
655 1534 724 1575 pro
757 1522 950 1574 interiori,
986 1517 1172 1573 fln.((1>÷
1185 1518 1228 1575 ὃ)
1250 1534 1301 1561 z
1321 1505 1552 1576 Dsmfn’ss'ss‘
1571 1551 1581 1570 ,
1615 1532 1728 1572 quare
1765 1532 1846 1561 me-

578 1586 715 1627 thodus
755 1586 1029 1626 determinandi
1061 1586 1228 1638 primum
1259 1593 1296 1623 et
1321 1583 1496 1623 vltimum
1520 1584 1770 1625 immersionis
1786 1594 1848 1624 aut

582 1648 808 1690 emerfionis
837 1657 1082 1689 momentum
1115 1648 1197 1687 satis
1229 1645 1388 1686 constat.

720 1718 967 1761 Obtinuimus
999 1719 1076 1759 iam
1113 1718 1264 1772 scopum
1287 1747 1298 1768 ‚
1350 1726 1463 1768 quem
1523 1713 1692 1768 primum
1745 1713 1853 1756 nobis

582 1782 877 1838 proposuimus,
923 1783 1025 1823 vnde
1074 1795 1170 1823 nunc
1213 1781 1257 1822 ad
1291 1779 1451 1820 aiteram
1487 1778 1729 1831 problematis
1762 1791 1853 1831 par-

584 1857 666 1888 tem
703 1847 988 1900 procedendum
1022 1847 1132 1887 nobis
1161 1845 1211 1885 est
1234 1877 1244 1895 ‚
1278 1853 1318 1884 et
1351 1842 1616 1895 inquirendum
1637 1874 1648 1893 ,
1686 1854 1854 1896 quomo-

585 1911 639 1952 do
672 1923 744 1964 pro
775 1911 866 1951 dato
896 1911 1028 1966 quouis
1078 1908 1288 1963 superficiei
1339 1906 1515 1946 terrestris
1570 1905 1712 1958 pundo
1761 1917 1853 1958 pro-

589 1973 714 2015 blema
749 1975 882 2016 resolui
913 1984 1036 2029 queat.
1101 1970 1363 2024 Distinguendi
1394 1979 1520 2010 autem
1555 1968 1619 2010 hic
1650 1977 1760 2010 erunt
1789 1969 1853 2010 ali·

590 2047 684 2089 quot
716 2039 816 2077 casus
835 2070 846 2090 ,
882 2039 938 2079 vti
970 2051 1020 2080 ex
1053 2036 1220 2092 sequenti
1251 2033 1543 2076 confideratione
1578 2042 1696 2088 patet.

731 2109 938 2152 Immenfiie
989 2111 1200 2166 superficiei
1230 2144 1241 2162 ,
1290 2109 1326 2148 in
1379 2117 1449 2157 qua
1500 2107 1670 2147 locantur
1715 2105 1854 2159 pundia

593 2172 726 2213 omnia
750 2206 761 2224 ,
792 2186 884 2226 quae
917 2176 1053 2216 eodem
1090 2184 1326 2223 momento,
1365 2172 1524 2210 eandem
1560 2171 1691 2210 vident
1724 2169 1856 2211 Plane-

599 2244 661 2278 tae
694 2248 716 2277 a
745 2234 833 2281 So‘le
866 2236 1150 2291 elongationem
1176 2270 1189 2293 ‚
1226 2250 1303 2279 non
1338 2232 1406 2274 nis]
1438 2247 1524 2289 pars
1568 2235 1730 2275 minima
1777 2242 1856 2271 ter-

1753 2293 1855 2337 restri
