1972 2652
546 202 602 240 32
962 190 1077 240 »81³2ss
1110 185 1124 244 )
1157 201 1183 228 0
1222 184 1234 241 (
1265 187 1380 238 ἔξω

547 302 656 342 idem
691 312 854 354 quoque
888 300 960 340 vsu
995 301 1140 352 venit,
1190 300 1297 354 quod
1340 300 1380 340 in
1419 301 1549 341 cordis
1590 298 1643 340 est
1674 296 1804 339 obser-

545 377 690 406 vatum
712 397 723 417 ‚
757 374 804 404 vt
838 374 923 405 tam
958 376 1153 419 tympana
1183 377 1306 418 quam
1339 377 1554 419 campanae
1587 376 1663 419 pro
1695 361 1808 402 varia

546 429 805 484 impulsionis
853 430 1009 470 ratione
1059 429 1236 470 diuersos
1286 429 1398 470 sonos
1448 428 1648 484 simplices
1696 426 1808 467 edere

545 505 721 548 queant,
756 503 848 534 tum
882 507 982 535 vero
1014 495 1137 535 etiam
1177 493 1252 535 hoc
1288 494 1540 549 potiffimum
1563 526 1574 546 ,
1626 501 1674 534 vt
1708 499 1810 544 quos

545 559 659 600 sonos
695 559 789 599 haec
825 558 1089 600 instrumenta
1124 559 1288 600 seorsim
1321 560 1436 600 edere
1469 558 1605 600 valent
1648 555 1810 596 eosdem

543 634 704 675 quoque
737 623 988 659 coniunctim
1024 624 1243 673 producere
1278 619 1811 675 poffint‚quemadm0dum

545 686 652 726 idem
684 686 725 724 in
758 684 886 724 cordis
919 684 1133 734 contingit.
1203 685 1363 726 Verum
1395 698 1491 725 cum
1525 683 1672 726 diuersi
1712 681 1813 732 soni,

547 750 690 803 quibus
723 747 884 788 edendis
917 747 1055 787 eadem
1088 747 1206 786 corda
1241 749 1294 787 est
1328 758 1418 799 apta
1443 778 1453 797 ‚
1502 749 1580 787 sint
1631 749 1737 787 inter
1778 745 1815 786 se

548 814 731 854 maxime
770 811 1031 862 harmonici,
1074 810 1115 850 in
1149 811 1302 851 ratione
1337 812 1489 865 quippe
1541 821 1814 850 numerorum

549 875 803 918 naturalium
845 889 901 930 ι,
938 890 961 915 2
988 906 999 926 ‚
1037 886 1059 923 3
1085 906 1096 926 ,
1132 888 1163 924 4
1187 905 1198 926 ,
1237 885 1256 923 5
1297 884 1370 915 etc.
1417 876 1670 929 procedentes
1694 904 1704 924 ‚
1746 872 1815 915 hic

550 942 592 982 in
631 941 837 995 tympanis
869 950 909 981 et
942 940 1146 993 campanis
1179 940 1411 981 maximum
1450 940 1631 980 cernitur
1679 937 1817 978 discri-

551 1007 787 1057 men,dum
821 1005 905 1046 soni
941 1003 1062 1048 slmul
1096 1004 1193 1044 editi
1226 1005 1324 1045 adeo
1356 1005 1461 1045 inter
1494 1006 1529 1045 se
1562 1006 1817 1045 incommen-

552 1070 741 1112 surabiles
761 1104 772 1123 ‚
806 1070 973 1124 ideoque
1006 1068 1186 1109 maxime
1219 1069 1265 1108 ab
1297 1068 1509 1110 harmonia
1543 1068 1816 1109 abhorrentes.

552 1135 622 1176 Ex
657 1147 739 1187 quo
773 1134 886 1172 facile
920 1130 1189 1180 intelligitur,
1223 1131 1322 1182 quid
1354 1133 1403 1170 de
1438 1130 1509 1168 illa
1536 1130 1701 1180 insignis
1720 1129 1822 1169 Mu-

552 1198 621 1242 sici
659 1194 809 1238 Gallici
845 1198 892 1235 de
927 1197 1107 1236 Rameau
1142 1192 1333 1244 opinione
1362 1191 1417 1230 fit
1450 1191 1724 1242 sentiendum,
1750 1191 1822 1245 qui

554 1266 783 1301 memorata
814 1255 886 1296 illa
920 1255 1137 1296 cordarum
1171 1254 1417 1308 proprietate
1442 1254 1823 1307 deceptus‚verum

557 1322 693 1365 omnis
728 1320 965 1360 harmoniae
1001 1317 1256 1372 principium
1308 1319 1351 1358 in
1403 1327 1547 1358 natura
1598 1329 1822 1371 corporum

559 1388 751 1430 sonorum
787 1384 912 1425 situm
946 1381 1019 1422 effe
1054 1383 1219 1436 putauit
1242 1413 1252 1432 ‚
1283 1383 1516 1423 existimans
1550 1394 1690 1422 omnes
1710 1382 1823 1423 sonos

559 1452 605 1492 ab
639 1452 783 1491 eodem
817 1459 987 1502 corpore
1021 1445 1146 1487 slmul
1178 1446 1304 1487 editos
1335 1456 1479 1488 natura
1513 1447 1582 1487 sua
1632 1447 1736 1487 inter
1788 1446 1826 1487 se

559 1514 634 1556 effe
667 1514 866 1556 consonos,
937 1512 1107 1555 Ratione
1150 1523 1441 1565 campanarum
1492 1520 1686 1566 prouocat
1726 1510 1825 1551 adeo

562 1580 609 1621 ad
642 1578 960 1634 experientiam,
993 1586 1034 1616 et
1066 1575 1247 1616 affirmat
1279 1588 1471 1629 campana
1506 1575 1617 1630 pulsa
1651 1575 1686 1615 se
1720 1574 1826 1615 sem-

562 1654 633 1697 per
666 1640 790 1683 simul
823 1642 966 1682 sonum
1022 1641 1245 1681 acutiorem
1271 1671 1283 1691 ,
1332 1640 1403 1694 qui
1454 1640 1501 1680 ad
1553 1638 1826 1692 principalem

561 1706 653 1747 effet
685 1706 829 1746 decima
863 1705 982 1745 maior
1014 1704 1078 1744 seu
1113 1705 1156 1744 in
1191 1705 1347 1745 ratione
1384 1714 1405 1753 5
1445 1704 1492 1744 ad
1528 1714 1587 1753 2,
1621 1703 1825 1744 exaudire.

563 1771 623 1813 At
656 1770 816 1811 Auctor
848 1769 976 1808 noster
1009 1767 1185 1808 dilucide
1218 1769 1385 1807 ostendit
1416 1766 1526 1807 hunc
1560 1766 1705 1806 sonum
1746 1778 1827 1806 non

565 1836 766 1876 rationem
805 1842 888 1877 522
925 1831 987 1869 sed
1021 1833 1157 1882 potius
1200 1831 1301 1871 hanc
1343 1829 1623 1870 irrationalem
1666 1824 1751 1868 V6
1769 1842 1779 1869 ε
1802 1840 1820 1866 1

565 1895 635 1937 illa
670 1892 833 1935 tantillo
869 1893 1075 1933 minorem
1110 1902 1242 1932 tenere
1263 1884 1285 1943 ,⁵
1309 1891 1364 1931 ita
1386 1900 1446 1938 ‚vt
1478 1892 1545 1932 vel
1565 1892 1642 1932 hoc
1661 1891 1823 1947 experi—

565 1968 707 2002 mento
740 1957 884 2013 opinio
918 1956 988 1997 illa
1020 1957 1200 1998 funditus
1226 1965 1444 1997 euertatur.

1750 2212 1827 2255 IV.
