1972 2652
540 221 602 264 54
960 214 1078 268 *θ’-ἐξ
1111 211 1125 269 )
1163 224 1191 254 0
1227 211 1245 263 (
1277 213 1394 267 etse<-

533 327 667 369 credit
687 359 699 380 ‚
734 327 824 370 ideo
857 328 1053 383 quoniam
1089 330 1274 371 Asbestus
1306 337 1347 370 et
1381 325 1633 371 Amianthus
1664 330 1809 372 eodem

540 394 667 434 modo
697 393 733 434 se
769 393 923 435 habent.
992 395 1099 436 Haec
1132 394 1369 437 Dissertatio
1405 405 1454 436 ne
1487 395 1610 437 meris
1646 403 1811 434 tantum

540 456 852 510 Experimentis
893 460 1010 500 omni
1060 459 1240 501 vtilitate
1291 457 1488 502 destitutis
1508 492 1522 512 ‚
1574 460 1809 500 concinnata

539 520 729 562 videatur
751 554 762 574 ,
797 523 838 563 in
875 523 957 564 fine
991 525 1109 566 Vsum
1144 525 1283 580 paucis
1317 526 1506 580 quamuis
1546 533 1710 565 tantum
1745 522 1812 562 in-

536 585 719 637 digitat,
754 588 826 639 qui
877 589 1021 628 exinde
1073 591 1116 628 in
1163 600 1297 628 artem
1347 590 1539 630 fusoriam
1589 586 1813 628 redundare

537 648 678 703 potest.
725 647 892 690 Notum
924 649 980 690 est
1011 649 1054 689 in
1087 648 1275 703 Imperio
1309 650 1626 704 Augustiffimae
1660 650 1814 691 nostrae

540 712 720 753 Mineras
756 712 887 766 Cupri
919 724 992 765 per
1024 715 1062 753 se
1095 714 1185 753 satis
1223 715 1374 754 diuites
1414 716 1623 768 reperiri,
1662 713 1815 768 Lapide

540 773 796 829 Nephritico·
822 785 863 816 et
896 775 1127 817 Amiantho
1168 776 1404 817 intertextas
1436 786 1478 816 et
1526 778 1780 831 interspersas
1800 807 1814 829 ‚

539 851 641 893 quae
672 850 885 895 propterea
918 840 1158 881 refractariis
1178 849 1517 881 annumerantur.
1583 840 1696 882 Cum
1715 853 1816 881 vero

538 915 591 943 ex
630 904 810 946 adductis
860 906 904 947 in
954 905 1240 947 Differtanone
1288 905 1601 960 Experimentis
1652 914 1785 958 pateat
1804 934 1816 956 ,

541 968 745 1010 mediante
775 970 920 1022 argilla
953 968 1034 1012 hoc
1066 969 1214 1024 lapidis
1242 981 1373 1023 genus
1407 971 1450 1010 in
1500 962 1664 1011 vitrum
1717 969 1816 1009 bene

539 1031 676 1073 fusum
710 1032 777 1075 vel
813 1036 921 1088 quod
954 1047 1090 1076 vnum
1123 1035 1311 1089 idemque
1344 1036 1400 1076 est
1419 1067 1433 1086 ,
1465 1036 1509 1075 in
1529 1035 1698 1076 scotlam
1717 1033 1817 1073 bene

539 1097 669 1138 fusam
705 1087 888 1150 (bfum’e
920 1093 1167 1151 ῧῴίαζῗε)
1199 1100 1309 1135 abire
1329 1129 1343 1146 ‚
1377 1098 1457 1135 hoc
1489 1100 1617 1137 modo
1653 1096 1817 1136 forsitan

542 1160 685 1213 paucis
717 1156 909 1212 impensis
944 1158 1021 1198 hoc
1057 1158 1315 1200 Minerarum
1351 1168 1479 1209 genus
1531 1172 1630 1200 cum
1681 1158 1818 1199 fructu

543 1225 587 1264 in
623 1222 750 1261 furnis
782 1221 944 1259 fusoriis
966 1250 979 1270 ‚
1013 1219 1098 1258 solo
1133 1219 1350 1269 argillaceo
1383 1221 1659 1261 additamento
1699 1222 1819 1263 adhi-

541 1282 663 1333 bito,
697 1281 810 1322 fundi
847 1282 998 1336 poterit
1020 1314 1031 1334 ,
1064 1281 1135 1336 qui
1170 1293 1364 1335 euentus,
1398 1282 1428 1323 fi
1463 1283 1734 1338 expectationi
1751 1297 1820 1326 re·

545 1346 747 1404 spondet,
780 1352 869 1389 non'
896 1346 1040 1401 exigui
1076 1349 1282 1390 momenti
1312 1347 1390 1390 effe
1419 1347 1548 1393 debet.

1116 1471 1191 1515 VI
1206 1472 1241 1515 1.

547 1557 644 1619 De
689 1557 997 1618 Entrochis
1025 1569 1086 1616 et
1120 1558 1358 1619 Asteriis
1385 1549 1820 1618 Columnaribus

549 1644 878 1703 trochleatis
906 1690 924 1714 ,
1008 1645 1191 1725 vulgo
1264 1641 1818 1727 &bmussenstcinm

593 1728 848 1791 Accedit
890 1728 1188 1787 Problema
1228 1730 1301 1785 de
1341 1727 1659 1787 Petrefa&o
1696 1730 1777 1786 in-

775 1815 1018 1888 cognito
1061 1815 1287 1868 nouiter
1330 1813 1589 1868 inuento,

553 1909 816 1973 Aunore
864 1907 943 1967 D.
993 1897 1035 1968 Ιζ
1083 1908 1158 1967 G.
1209 1908 1553 1968 Lehmanno
1588 1929 1643 1989 p.
1688 1929 1815 1987 413.

554 2027 741 2140 Haud
783 2039 854 2080 diu
893 2038 947 2080 est
985 2047 1025 2079 et
1065 2039 1140 2079 vix
1181 2037 1375 2081 seculum
1416 2037 1598 2092 elapsum
1640 2051 1691 2080 ex
1736 2050 1820 2092 quo

552 2130 555 2132 ,
698 2104 899 2145 Historiae
943 2104 1138 2144 naturalis
1177 2114 1376 2145 amatores
1426 2104 1637 2155 petresana
1678 2102 1820 2157 paullo

548 2169 735 2228 ‘penitius
768 2168 1014 2210 considerate
1036 2199 1048 2221 ‚
1080 2169 1340 2220 examinare,
1378 2167 1534 2220 dignati
1570 2169 1673 2210 sunt.
1709 2167 1816 2207 Haec

572 2249 573 2253 ¹
1737 2230 1819 2271 dis·
