1972 2652
600 235 688 277 370
802 217 1654 266 OBSERVATIONES.

597 335 742 390 Aprilis
943 341 995 380 25
1035 360 1047 371 .
1082 337 1222 382 28.40
1255 355 1280 364 -
1304 355 1326 364 ·
1359 343 1430 382 27·
1451 338 1510 374 60
1544 357 1566 366 -
1617 338 1817 383 5-o.80

599 399 698 442 Maii
944 409 1041 444 19.
1080 401 1225 447 28.40
1258 422 1273 431 .
1309 422 1329 430 -
1362 401 1503 445 27.65
1539 424 1555 431 -
1586 411 1637 438 11
1662 401 1809 446 -0.65

598 462 696 503 quii
948 471 1004 508 19
1040 489 1052 501 .
1089 465 1144 500 28
1176 462 1230 497 26
1267 483 1284 492 -
1315 484 1336 492 -
1370 464 1516 510 27.62
1551 486 1570 497 .-
1618 464 1820 511 4-0.64

598 524 682 564 Iulii
811 534 834 571 3
870 530 910 562 et
975 535 1004 571 4
1037 551 1048 563 .
1088 527 1223 570 28.25
1263 545 1282 554 -
1313 547 1330 557 -
1368 535 1516 582 2755
1557 535 1822 572 -12-0.70

598 585 760 639 Augusti
949 597 1008 636 30
1043 615 1052 623 .
1091 587 1236 633 2356
1269 610 1288 618 -
1316 607 1336 616 -
1373 598 1522 636 27.53
1561 612 1578 618 -
1627 598 1686 635 5-
1711 598 1820 636 1.03

600 649 820 701 Septembr-
987 658 1012 683 2
1049 679 1059 688 .
1096 654 1151 689 28
1181 655 1236 696 58
1269 675 1285 684 -
1320 676 1341 685 -
1375 663 1445 698 27.
1468 662 1524 699 50
1559 674 1578 683 -
1602 654 1699 690 28-
1724 655 1833 691 1.08

599 714 763 754 Oe'tobr.
959 722 1008 750 21
1049 741 1059 750 .
1099 717 1237 759 28.52
1271 738 1287 746 -
1320 735 1342 745 -
1379 717 1448 753 26.
1468 723 1530 764 74-
1561 739 1577 746 -
1631 723 1697 762 7-
1722 718 1825 760 1.78

602 775 822 818 Nouembr.
956 786 1010 823 19
1047 806 1056 815 .
1094 781 1232 823 28.35
1274 799 1291 807 -
1323 800 1340 806 -
1376 782 1524 824 26.95
1563 804 1571 807 -
1599 789 1694 815 22·
1721 787 1827 824 1.40

601 838 815 880 Decembr.
953 849 1010 887 27
1048 865 1058 876 .
1095 843 1149 878 28
1180 847 1235 886 53
1269 862 1290 870 -
1320 859 1341 869 -
1377 849 1446 887 27.
1471 845 1524 880 18
1559 847 1822 887 -15-1.35

601 935 668 978 Ex
701 933 986 985 comparatione
1019 932 1154 971 harum
1192 933 1400 974 barometri
1433 933 1670 974 altitudinum
1720 933 1870 987 conspi-

603 1000 699 1039 citur
734 1000 898 1050 primum
925 1034 934 1049 ‚
964 997 1179 1035 maximam
1229 999 1343 1036 totius
1376 998 1466 1037 anni
1497 997 1596 1038 fuiffe
1631 1002 1792 1045 28.58‚
1828 1004 1869 1036 et

604 1062 809 1100 minimam
846 1062 1000 1108 26.74.
1068 1059 1200 1113 Quum
1238 1060 1401 1099 altitudo
1434 1061 1544 1099 huius
1576 1062 1660 1100 anni
1693 1061 1868 1100 maxima

603 1123 736 1164 minor
777 1121 820 1160 sit
862 1120 1058 1160 altitudine
1103 1131 1214 1169 1757
1250 1122 1346 1160 milii
1382 1123 1591 1174 obseruata,
1620 1122 1759 1162 scilicet
1795 1134 1870 1171 29.

609 1197 690 1237 ¹23
743 1193 872 1224 manet
922 1183 1015 1224 haec
1064 1184 1240 1224 omnium
1290 1184 1411 1225 adhuc
1466 1184 1531 1226 hic
1591 1185 1869 1231 obseruatarum

606 1249 794 1290 maxima.

755 1313 930 1354 Altitudo
965 1314 1125 1354 minima
1157 1314 1266 1355 huius
1301 1314 1413 1364 anni,
1448 1314 1627 1363 quoniam
1661 1314 1785 1356 maior
1815 1312 1871 1354 est

608 1375 770 1418 minima
791 1405 804 1427 ‚
855 1376 940 1413 alias
969 1376 1030 1414 hic
1064 1376 1273 1427 obseruata,
1310 1382 1473 1430 26.41;
1527 1388 1631 1430 patet
1653 1408 1664 1422 ‚
1701 1387 1741 1417 et
1773 1377 1870 1417 hane

608 1438 786 1479 omnium
820 1436 883 1477 hic
918 1437 994 1476 loci
1020 1436 1297 1477 obseruatarum
1319 1450 1473 1477 manere
1496 1440 1723 1488 minimam,
1756 1440 1871 1477 adeo-

608 1513 680 1555 que
714 1499 870 1553 spatium
905 1501 1154 1540 variationum
1191 1501 1526 1540 barometricarum
1569 1511 1727 1540 manete
1767 1500 1869 1540 inua-

609 1565 747 1604 riatum
783 1572 909 1611 2.71‚
937 1563 1011 1603 siue
1049 1559 1329 1611 27s9m—Yg5.
1433 1563 1553 1602 Porro
1584 1564 1767 1614 adparet,
1817 1561 1872 1602 al-

610 1627 808 1666 titudinem
843 1627 1060 1665 maximam
1093 1625 1167 1665 hoc
1198 1638 1301 1664 anno
1335 1624 1506 1664 accidiffe
1538 1623 1668 1664 mense
1691 1622 1875 1679 Septem-

610 1690 709 1741 bri,
741 1689 944 1729 minimam
976 1698 1103 1729 autem
1139 1687 1262 1729 mense
1295 1688 1468 1728 Ostobri.

749 1782 928 1824 Maxima
960 1783 1021 1823 sub
1056 1783 1284 1837 sequentibus
1316 1781 1509 1823 obseruata
1543 1781 1599 1821 est
1627 1781 1873 1823 circumstan-

614 1848 701 1887 tiis:
743 1847 1085 1887 Thermometrum
1121 1847 1350 1887 monstrabat
1383 1858 1494 1886 mane
1525 1844 1565 1884 h.
1600 1849 1645 1885 6.
1684 1851 1797 1896 138,
1831 1853 1874 1886 et

614 1909 651 1951 h,
694 1922 729 1946 2.
763 1923 800 1962 p.
837 1924 892 1951 m.
933 1923 1031 1960 124.
1095 1910 1242 1950 Ventus
1274 1919 1353 1949 erat
1395 1920 1487 1955 00,
1523 1908 1579 1947 vti
1622 1920 1771 1962 quoque
1807 1909 1872 1949 die

615 1974 843 2013 antecedenti
875 1975 943 2014 fuit
973 1984 1010 2013 et
1043 1973 1217 2026 sequenti.
1282 1970 1443 2012 Coelum
1480 1970 1652 2012 ffirenum
1685 1981 1781 2022 erat,
1814 1972 1875 2014 vti

614 2035 757 2086 aliquot
792 2036 920 2076 diebus
951 2037 1251 2077 antecedentibus
1282 2046 1323 2076 et
1356 2033 1678 2089 consequentibus.
1767 2035 1871 2077 Effe·

617 2097 700 2138 ctus
731 2096 979 2138 electricitatis
1009 2101 1103 2140 aeris
1135 2101 1173 2139 in
1207 2112 1274 2139 acu
1316 2099 1525 2152 magnetica
1565 2098 1694 2139 diebus
1728 2099 1871 2153 aliquot

617 2159 918 2264 aii-ntecedentibus
973 2171 1013 2203 et
1066 2163 1376 2217 consequentibus
1431 2162 1641 2206 admodum
1691 2159 1872 2263 sensffl'lqs

636 2235 731 2265 uere.
1819 2229 1873 2264 u,
