1972 2652
574 227 636 279 96
915 219 1011 265 DE
1075 213 1491 264 METHODO

579 346 665 380 tum
698 333 883 377 formulae
904 328 1058 386 sde
1089 332 1196 374 valor
1228 333 1361 375 euadat
1384 331 1581 374 maximus
1597 328 1840 374 minimusue.

573 402 693 444 Valor
738 397 891 452 quidam
941 397 1214 439 determinatus
1255 410 1328 452 pro
1344 410 1378 451 y
1410 396 1610 439 sumendus
1644 396 1843 449 negotium

574 462 765 514 conficit,
793 461 850 502 sed
887 461 1019 503 relatio
1050 461 1234 517 quaedam
1269 463 1366 503 inter
1394 473 1423 504 x
1453 470 1493 503 et
1510 475 1544 513 y
1575 457 1744 513 affignari
1777 459 1843 500 de-

575 529 673 582 bet3
707 534 911 580 propterea
943 527 1044 580 quod
1078 527 1192 567 etiam
1212 526 1238 567 fi
1270 526 1357 580 post
1391 526 1689 578 integrationem
1723 534 1847 577 pona-

582 601 642 633 tur
674 602 814 643 xza,
848 599 982 632 tamen
1013 588 1123 631 valor
1153 590 1337 643 integralis
1375 585 1543 643 sde
1592 600 1614 629 a
1662 586 1846 630 relatione

580 655 776 698 indefinita
799 685 811 705 ‚
840 666 937 709 quae
971 654 1069 695 inter
1102 666 1128 695 z
1169 663 1210 694 et
1230 667 1264 706 y
1313 653 1510 694 intercedit
1532 684 1546 706 ‚
1584 650 1776 706 pendeat,
1806 660 1846 694 et

578 732 650 777 per
681 731 821 762 omnes
850 718 998 759 valores
1030 718 1178 760 medios
1209 718 1318 772 ipsius
1338 729 1373 771 y
1411 716 1700 759 determinetur.

730 865 884 906 Verum
918 862 1009 904 tales
1036 861 1266 916 quaestiones
1298 861 1396 904 circa
1447 860 1648 913 formulam
1690 855 1724 913 s
1729 856 1767 900 Z
1782 858 1851 900 dx

539 967 543 970 .
580 929 799 972 maximam
834 928 1041 969 minimam
1061 938 1111 966 ve
1144 927 1372 967 reddendam
1404 927 1532 967 multo
1562 924 1669 965 latius
1692 931 1850 977 patent,

583 1006 704 1047 neque
734 1002 882 1033 tantum
915 992 961 1032 ad
990 993 1104 1040 casuS,
1122 991 1252 1043 quibus
1286 987 1324 1030 Z
1358 990 1411 1031 est
1444 987 1587 1031 fimetio
1619 987 1782 1042 ipsarum
1820 997 1849 1026 x

583 1066 624 1097 et
645 1070 678 1106 y
701 1086 713 1106 ‚
744 1056 1012 1107 restringuntur
1033 1086 1044 1105 ,
1078 1054 1136 1093 sed
1171 1066 1242 1106 pro
1275 1050 1314 1093 Z
1347 1053 1478 1093 affumi
1510 1052 1633 1103 potest
1665 1048 1852 1103 expreffio

584 1129 827 1172 quaecunque
848 1149 859 1167 ,
909 1129 1005 1169 qnae
1056 1116 1242 1155 relatione
1282 1116 1459 1167 quapiam
1491 1115 1591 1152 inter
1620 1124 1650 1152 x
1679 1122 1717 1151 et
1735 1125 1770 1163 y
1800 1111 1853 1152 as-

583 1182 702 1224 sumta
736 1181 1027 1222 determinetur.
1094 1179 1200 1219 Hinc
1237 1174 1275 1219 Z
1308 1177 1500 1219 inuoluere
1532 1175 1673 1230 poterit
1704 1184 1855 1230 praeter

585 1245 677 1299 ipsas
727 1244 926 1286 variabiles
957 1256 984 1284 x
1016 1252 1055 1281 et
1071 1255 1105 1293 y
1139 1242 1254 1282 etiam
1289 1241 1510 1282 relationem
1545 1238 1853 1281 differentialium

586 1321 748 1359 earum,
799 1319 922 1359 neque
973 1305 1091 1345 solum
1126 1304 1243 1357 primi
1274 1304 1448 1356 ordinis,
1496 1304 1554 1344 sed
1589 1304 1706 1344 etiam
1741 1303 1855 1344 altio⁴

586 1385 674 1413 rum
710 1370 893 1411 ordinum
928 1379 1273 1423 quorumcunque3
1311 1367 1445 1408 icilicet
1471 1367 1495 1408 s1
1518 1367 1589 1408 hae
1621 1367 1856 1408 differentia-

586 1443 680 1485 lium
714 1444 875 1484 rationes
909 1443 958 1482 ita
993 1442 1258 1495 exprimantur
1279 1469 1291 1492 ,
1329 1452 1372 1483 vt
1405 1443 1448 1484 sit
1480 1425 1646 1497 ἓ-ζζῑρς
1681 1424 1854 1496 g-Ezffi

592 1500 754 1571 42³—er
796 1524 869 1554 etc.
923 1514 1107 1568 quantitas
1155 1509 1193 1554 Z
1242 1512 1395 1567 spectari
1444 1513 1586 1567 poterit
1638 1521 1682 1551 vt
1713 1510 1856 1554 {unitio

595 1590 838 1635 quaecunque
868 1578 1046 1618 omnium
1077 1576 1209 1617 harum
1244 1589 1291 1628 x,
1315 1588 1371 1630 y,
1402 1585 1450 1632 p,
1485 1587 1525 1631 q,
1558 1588 1580 1616 ν
1613 1584 1685 1616 etc.
1751 1577 1858 1634 Quin

597 1644 714 1684 etiam
748 1643 927 1695 quantitas
960 1637 998 1680 Z
1029 1651 1216 1693 praeterea
1249 1653 1286 1680 m
1319 1642 1352 1680 se
1384 1639 1591 1694 complecti
1627 1639 1750 1693 potest
1783 1653 1858 1681 no-

593 1718 659 1747 vas
687 1705 866 1746 formulas
898 1703 1096 1757 integrales
1130 1714 1317 1756 vtcunque
1349 1706 1387 1744 in
1423 1717 1467 1744 ea
1498 1703 1710 1757 inuolutasz,
1755 1704 1854 1744 vnde

595 1770 703 1825 plura
735 1779 871 1822 genera
905 1765 1120 1807 huiusmodi
1156 1767 1412 1818 quaestionum
1448 1767 1664 1817 nascuntur,
1699 1767 1745 1807 ad
1763 1778 1857 1820 quae

594 1832 798 1876 methodus
832 1830 996 1872 soluendi
1028 1831 1307 1871 accommodari
1337 1830 1462 1871 debet.

1206 1912 1259 1954 V.

749 1986 975 2027 Huiusmodi
1011 1985 1247 2040 problemata
1279 1986 1448 2039 primum
1483 1984 1677 2027 occafione
1725 1985 1859 2027 famosi

601 2051 700 2092 illius
749 2049 990 2090 Problematis
1024 2050 1318 2103 lsoperimetrici
1342 2082 1352 2101 ,
1410 2062 1430 2090 a
1485 2049 1620 2091 Iacobo
1650 2048 1859 2091 Bernoullio

603 2114 700 2154 olim
735 2112 773 2152 in
806 2113 997 2152 summum
1033 2114 1241 2166 Analyieos
1274 2115 1551 2154 incrementum
1587 2114 1749 2168 agitati,
1783 2122 1859 2152 tra-

604 2177 698 2219 ‹stari
748 2175 827 2216 sunt
874 2187 1012 2230 coepta
1032 2207 1043 2228 ,
1074 2179 1176 2230 quod
1209 2178 1367 2219 arduum
1398 2177 1593 2232 negotium
1643 2176 1708 2217 etfi
1758 2175 1857 2216 mira

1717 2237 1856 2294 sagaci-
