1972 2652
560 280 654 330 4³6
905 273 1015 317 DE
1075 269 1503 315 EFFECTV

564 387 629 430 sub
655 386 791 441 angulo
822 383 929 424 dicto
962 382 1134 425 obseruet
1154 409 1167 433 ,
1221 383 1292 426 nist
1329 381 1545 438 superficies
1582 382 1728 424 Terrae
1775 381 1839 425 su·

563 451 734 507 perficiei
767 447 829 487 hic
861 445 1038 490 euolutae
1058 457 1238 490 'occurrat
1260 479 1275 500 ‚
1315 448 1504 502 ipsamque
1556 446 1622 488 vel
1674 454 1800 501 tangat
1820 478 1838 501 „

564 515 634 555 vel
665 513 780 563 fecer,
812 522 930 564 quare
957 510 1158 566 problema
1187 512 1352 553 nostrum
1386 511 1464 552 huc
1495 511 1611 552 redit:
1647 518 1711 560 vt,
1745 521 1837 564 quo-

565 588 654 618 nam
683 580 858 616 momento
889 575 1020 616 datum
1048 575 1211 616 Telluris
1236 574 1406 630 punc‘lum
1438 578 1476 616 in
1499 572 1740 627 intersefflione
1758 573 1836 615 hu-

565 642 621 682 ius
638 637 849 695 fiaeperficiei
876 652 959 681 cum
977 638 1089 694 globo
1117 639 1280 695 terrestri
1310 641 1521 693 reperiatur
1542 637 1557 679 ζ
1608 638 1841 691 inuestigan·
1894 641 1902 650 ·

566 704 661 746 dum
693 703 747 745 sit.
840 702 906 746 Ne
935 715 1032 745 vero
1064 702 1264 756 disquifitio
1292 703 1418 743 nostra
1448 703 1497 744 ad
1536 701 1844 743 ratiocinationes

568 776 679 820 atque
711 766 894 808 formulas
925 765 1023 807 iusto
1051 766 1361 819 complicationes
1393 779 1460 808 nos
1494 766 1686 816 deducat,
1735 767 1840 819 quod

568 831 700 871 euitari
734 831 807 871 vix
844 827 966 883 poffet
990 861 1005 883 ,
1062 829 1089 870 si
1121 829 1319 882 problema
1341 861 1356 884 ‚
1387 834 1444 870 vti
1477 829 1714 884 propositum
1751 829 1838 883 est,

569 894 716 934 soluere
744 904 970 934 conaremur
987 924 1000 947 ‚
1036 893 1207 945 primum
1237 905 1315 933 non
1348 902 1472 934 toturn
1499 894 1642 932 Terrae
1659 892 1838 945 globum,

568 966 632 998 aut
664 957 878 997 vniuersam
910 958 993 997 eius
1024 954 1260 1009 superficiem
1280 989 1293 1007 ,,
1341 955 1403 997 (ed.
1448 956 1569 997 solum
1620 956 1803 996 circulum
1825 987 1842 1010 ,

569 1020 633 1074 qui
664 1020 881 1074 producitur
912 1020 1176 1061 interseffione
1205 1020 1314 1074 globi
1347 1021 1525 1061 terrestris
1545 1052 1557 1072 ,
1603 1032 1693 1060 cum
1726 1018 1843 1074 plano

567 1095 640 1136 per
670 1081 772 1123 Solis
790 1115 804 1135 ‚
834 1083 975 1124 Terrae
1006 1096 1052 1124 ac
1084 1082 1263 1124 planetae
1291 1096 1419 1126 centra
1447 1084 1659 1125 transeunte
1682 1114 1696 1138 ,
1719 1083 1839 1125 confi-

566 1146 811 1199 derabimus,
858 1155 898 1186 et
943 1147 1164 1200 quomodo,
1211 1159 1286 1201 pro
1337 1149 1468 1202 quouis
1501 1149 1540 1187 in
1572 1147 1682 1188 huius
1711 1145 1846 1189 circuli

568 1209 683 1263 plano
715 1210 946 1263 reperiundo
977 1209 1124 1264 pune'to
1144 1239 1158 1263 ‚
1210 1209 1410 1265 problema
1451 1210 1541 1251 solui
1588 1219 1698 1265 queat
1718 1241 1733 1264 2
1782 1211 1845 1252 in-

568 1286 775 1327 quiramus.

380 1333 556 1396 1·ερΧὶὶὶ
705 1336 959 1392 Concipiatur
989 1338 1115 1392 itaque
1145 1338 1362 1379 constanter
1397 1338 1555 1392 pianum
1578 1371 1594 1391 ,
1641 1351 1715 1392 per
1767 1336 1847 1381 So-

404 1385 481 1435 hg..
515 1397 548 1422 2·
570 1398 617 1440 lis
644 1400 707 1451 A,
739 1400 912 1440 planetae
947 1399 999 1451 132
1030 1415 1073 1442 ac
1107 1403 1251 1442 Terrae
1280 1414 1457 1444 centrum
1487 1416 1509 1444 c
1540 1403 1734 1444 traieaum
1757 1435 1768 1455 ,
1802 1410 1846 1443 et

570 1462 753 1503 formabit
785 1461 862 1502 hoc
891 1461 1051 1515 planum
1081 1463 1343 1503 intersee'tione
1399 1478 1489 1505 cum
1518 1465 1710 1516 superficie
1760 1468 1844 1504 sae-

571 1527 662 1578 pius
690 1525 813 1576 dista,
851 1537 876 1564 2
907 1525 1069 1565 circulos
1101 1524 1255 1576 ΑΒΗ,
1287 1524 1432 1575 ABK,
1464 1538 1553 1566 cum
1588 1527 1708 1566 Terra
1726 1539 1843 1580 verost

571 1588 755 1628 circulum
792 1588 842 1627 T.
911 1586 1068 1629 Constat
1101 1589 1165 1628 hic
1197 1589 1272 1628 fine
1303 1589 1486 1640 negotio,
1517 1589 1699 1642 pundium
1725 1605 1767 1643 g,
1803 1593 1843 1631 int

572 1650 700 1691 circuli
730 1650 769 1690 T
803 1651 999 1705 superficie
1032 1659 1219 1704 vtcunque
1249 1650 1462 1691 adsumtum
1485 1683 1496 1702 ,
1528 1653 1653 1691 videre
1673 1651 1774 1693 Solis
1800 1665 1847 1694 ac

572 1713 743 1755 planetae
776 1714 1064 1768 elongationem
1092 1714 1158 1756 sub
1195 1714 1335 1769 angulo
1365 1710 1415 1765 δ,
1447 1714 1542 1754 dum
1588 1714 1654 1754 vel
1700 1716 1847 1757 circulo

575 1777 737 1832 ΑΒΗ,
768 1778 834 1820 vel
867 1777 993 1820 ΑΒΚ
1026 1778 1201 1819 occurrit,
1266 1779 1364 1820 fieri
1396 1777 1474 1818 hoc
1506 1777 1631 1832 potest
1665 1778 1702 1819 in
1739 1788 1851 1820 vtro·

503 1848 505 1851 '
574 1854 646 1895 que
680 1842 820 1882 horum
851 1843 1077 1884 circulorum
1112 1842 1254 1896 duplici
1287 1842 1369 1882 vice
1391 1874 1402 1896 ‚
1451 1842 1514 1882 vel
1544 1841 1641 1882 circa
1671 1843 1736 1893 A,
1781 1842 1849 1884 vel

576 1917 625 1944 ex
655 1904 768 1946 altera
803 1917 909 1958 parte
939 1906 1039 1947 circa
1075 1904 1122 1946 B.
1221 1905 1291 1946 Ast
1325 1906 1428 1945 facile
1479 1913 1584 1959 patet
1605 1935 1618 1956 ‚
1669 1907 1846 1960 priorem

577 1967 700 2008 casum
737 1970 929 2022 pertinere
962 1970 1010 2010 ad
1040 1968 1327 2010 coniunffiones
1353 1967 1523 2009 Planetae
1556 1979 1647 2011 cum
1680 1968 1770 2011 Sole
1789 1971 1847 2012 su-

579 2030 770 2084 periores3
827 2034 936 2074 distat
963 2033 1070 2073 enim
1105 2041 1193 2074 tunc
1226 2032 1378 2074 Planeta
1411 2033 1532 2087 magis
1580 2045 1692 2086 quam
1726 2032 1797 2076 Sol
1823 2047 1847 2076 a

580 2091 700 2132 Terra
721 2125 731 2143 ,
782 2097 883 2136 vnde
914 2098 954 2138 in
991 2096 1213 2150 praesenti,
1262 2096 1436 2141 nonnisi
1467 2097 1515 2138 ad
1546 2097 1720 2139 occursus
1747 2099 1848 2140 circa

579 2153 617 2196 B
646 2157 908 2208 contingentes
928 2190 940 2209 ἲ
976 2161 1120 2215 quippe
1151 2161 1215 2214 qui
1248 2161 1377 2201 valent
1408 2173 1483 2216 pto
1514 2162 1849 2204 coniunfflonibus

581 2217 815 2262 inferioribus
831 2248 843 2271 ,
872 2222 1146 2276 respiciendum
1175 2224 1284 2266 nobis
1312 2224 1378 2267 est.

1731 2286 1846 2329 Licet
