1972 2652
613 275 705 313 424
867 259 976 301 DE
1041 253 1619 301 ENTROCHIS

612 372 711 427 Cap.
749 384 820 420 23.
856 369 960 409 citat.
1026 366 1230 424 „Spongia
1264 370 1372 412 valde
1404 371 1647 426 multiplicata
1680 380 1792 424 penes
1808 370 1873 415 lit-

610 448 732 490 „tora
753 425 999 486 'Norwegiae
1028 435 1107 474 eius
1137 435 1186 474 est
1220 446 1372 475 naturae
1395 468 1406 487 ,
1437 437 1536 488 quod
1570 434 1769 475 conueniat
1784 446 1875 474 cum

615 497 801 551 „caeteris
832 497 1052 538 animalibus
1085 498 1123 537 in
1159 508 1266 538 motu
1299 499 1528 539 dilatationis
1569 508 1607 538 et
1647 497 1881 538 contrac'tiffi

613 562 719 616 ‚,iiis.
804 560 1000 616 Quaedam
1043 573 1139 600 vero
1178 573 1303 600 earum
1337 562 1560 603 immobiles
1591 561 1671 601 sunt
1701 573 1723 601 a
1756 560 1880 611 saxis,

611 634 690 679 „et
724 624 751 665 fi
783 624 1058 677 abrumpamur
1098 636 1119 664 a
1173 623 1352 664 radicibus
1401 626 1644 678 recrescunt3
1696 623 1881 677 quaedam

610 696 783 743 ⁷,autem
816 687 897 728 sunt
930 686 1092 728 mobiles
1121 686 1166 726 de
1199 687 1288 727 loco
1320 688 1367 728 ad
1408 688 1539 728 locum
1564 715 1576 738 ,
1633 696 1672 726 et
1721 686 1792 726 hae
1841 685 1882 724 in

613 753 820 803 „maxima
873 752 985 803 copia
1038 750 1075 788 in
1125 750 1312 791 littoribus
1358 751 1562 805 praedietis
1591 750 1837 805 reperiuntur.
1857 778 1883 799 ‚,

613 814 718 855 Haec
753 813 890 867 opinio
922 825 970 853 eo
1006 816 1126 866 magis
1157 815 1357 854 roboratur
1379 846 1390 866 ‚
1439 815 1464 854 fi
1513 815 1737 855 structuram
1780 812 1884 865 capi-

613 885 699 919 tum
756 877 925 918 medusae
975 888 1111 917 eorum
1159 877 1350 917 radiorum
1397 877 1683 917 consideramus.
1780 873 1885 915 Cum

614 939 835 994 praesertim
879 952 983 981 mare
1034 940 1162 980 album
1213 941 1309 981 circa
1364 939 1715 993 Archangelopolin
1767 940 1888 980 varias

615 1004 752 1057 species
784 1016 915 1044 eorum
950 1003 1195 1057 suppeditet,
1229 1012 1408 1057 quantum
1443 1002 1523 1043 fieri
1557 1004 1684 1057 potuit
1706 1035 1717 1056 ,
1772 1014 1888 1043 com-

618 1067 723 1119 plura
754 1067 827 1106 huc
861 1066 1018 1106 aduecta
1051 1066 1289 1108 curiofiffime
1321 1068 1535 1107 examinaui
1557 1097 1569 1118 ‚
1616 1077 1653 1107 et
1696 1063 1887 1107 obseruaui

431 1128 591 1166 *Tab.XI.
621 1129 722 1171 Tab.
762 1128 840 1170 XI.
892 1128 962 1181 fig.
1012 1139 1054 1178 5.
1092 1142 1219 1170 ramos
1257 1142 1390 1170 eorum
1452 1129 1490 1184 1)
1526 1131 1748 1171 membrana
1800 1140 1890 1179 qua-

458 1179 526 1228 Fig.
562 1193 596 1222 ⁵·
621 1194 710 1235 dam
746 1209 783 1236 a.
818 1192 1005 1233 obduc‘tos
1037 1193 1124 1233 else.
1194 1193 1237 1249 2)
1270 1191 1316 1233 In
1339 1202 1443 1246 parte
1477 1192 1645 1233 inferiori
1664 1191 1890 1245 compressa,

621 1266 658 1299 et
691 1257 788 1310 qnasi
823 1256 934 1310 plana
956 1288 966 1308 ‚
1018 1257 1156 1297 canalis
1187 1256 1222 1296 b.
1256 1256 1360 1296 iuXta
1391 1256 1672 1309 longitudinem
1723 1256 1771 1296 ad
1822 1267 1893 1295 ex-

625 1322 859 1360 tremitatem
891 1320 1090 1369 excurrit,
1125 1321 1163 1359 in
1197 1331 1271 1373 quo
1303 1332 1446 1371 neruus,
1476 1320 1543 1373 pili
1573 1320 1699 1374 equini
1725 1318 1893 1370 crassitie,

624 1383 742 1429 latet,
776 1383 838 1432 qui
859 1382 1027 1421 ramulos
1061 1393 1168 1423 extra
1204 1384 1468 1424 membranam
1502 1384 1662 1438 exiguos
1696 1385 1742 1424 ad
1774 1383 1892 1424 ambo

624 1443 740 1483 latera
772 1442 907 1482 canalis
939 1443 1126 1495 protrudit
1167 1456 1202 1483 c.
1270 1444 1318 1497 3)
1367 1447 1454 1484 Pars
1505 1446 1664 1485 interior
1713 1447 1750 1486 d.
1785 1445 1890 1492 dura,

629 1506 742 1547 instar
771 1504 853 1545 offis
874 1532 886 1554 ,
942 1505 1051 1558 alba,
1096 1517 1212 1559 aquae
1246 1506 1424 1546 immersa
1453 1517 1531 1545 non
1572 1506 1782 1557 mollescit,
1830 1505 1891 1545 sed

466 1579 538 1630 Fig.
565 1587 600 1618 6.
629 1570 790 1623 figuram
825 1568 1015 1613 exhibet,
1067 1581 1182 1621 quam
1219 1568 1284 1620 fig.
1320 1572 1362 1607 6.
1408 1568 1604 1610 monstrat.
1706 1568 1892 1611 Detracta

629 1633 858 1675 membrana
881 1663 894 1684 ‚
946 1631 1011 1671 hic
1045 1631 1215 1681 cylinder
1248 1630 1383 1671 exacte
1412 1630 1554 1683 lapides
1584 1632 1731 1671 nostros
1763 1631 1895 1671 troch-

630 1696 746 1737 leatos
778 1695 901 1748 quoad
935 1693 1097 1747 figuram
1136 1694 1283 1745 refert,
1331 1694 1385 1734 ita
1420 1702 1575 1744 tamen,
1626 1703 1669 1733 vt
1699 1694 1894 1735 interstitia

632 1759 869 1800 lamellarum
904 1760 1060 1799 materia
1090 1758 1252 1813 quadam
1287 1756 1488 1810 gelatinosa
1513 1757 1657 1811 repleta
1677 1757 1760 1799 fint.
1790 1757 1895 1798 Haec

633 1822 843 1863 obseruatio
872 1824 1127 1863 attentionem
1161 1834 1293 1862 meam
1346 1821 1465 1874 magis
1511 1821 1717 1874 incitabat,
1764 1829 1803 1861 et
1848 1821 1896 1862 ad

633 1885 837 1939 petrefac‘ta
873 1897 961 1926 mea
993 1898 1058 1926 me
1092 1885 1299 1926 reducebat.
1399 1883 1674 1937 Diffringebam
1725 1896 1773 1925 eo
1820 1883 1895 1924 fine

636 1948 738 1989 iuxta
772 1949 1045 2001 longitudinem
1078 1961 1195 1989 vnum
1227 1960 1276 1987 ex
1310 1946 1481 1988 Encrinis
1501 1977 1513 1997 ‚
1555 1947 1769 1988 difftatstum
1800 1946 1897 1987 obli·

642 2022 712 2062 que
763 2012 885 2052 adhuc
932 2013 1047 2052 semel
1096 2012 1344 2065 frangebam3
1397 2020 1437 2051 et
1488 2012 1607 2064 probe
1658 2010 1900 2052 consideratis

641 2074 814 2113 omnibus
834 2106 847 2126 ,
895 2076 1050 2129 vestigia
1101 2075 1205 2116 huius
1248 2074 1384 2114 canalis
1403 2103 1413 2123 ,
1467 2075 1521 2115 ast
1552 2088 1630 2115 non
1662 2076 1701 2116 in
1734 2074 1866 2116 medio
1887 2103 1899 2122 ‚

640 2146 774 2175 verum
809 2137 847 2175 in
879 2148 983 2188 parte
1014 2139 1135 2191 magis
1167 2136 1379 2191 compressa
1399 2169 1411 2189 ,
1445 2139 1699 2180 obseruabam.
1796 2137 1897 2178 Haec

644 2198 774 2239 omnia
821 2197 996 2242 haetenus
1042 2202 1198 2245 adduCta
1248 2201 1328 2244 sane
1377 2202 1600 2259 opinionem
1648 2198 1899 2244 verisimilem

1729 2262 1904 2311 reddunt,
