<?xml version="1.0" encoding="UTF-8"?>
<!DOCTYPE html PUBLIC "-//W3C//DTD XHTML 1.0 Transitional//EN"
    "http://www.w3.org/TR/xhtml1/DTD/xhtml1-transitional.dtd">
<html xmlns="http://www.w3.org/1999/xhtml" xml:lang="en" lang="en">
 <head>
  <title>
</title>
<meta http-equiv="Content-Type" content="text/html;charset=utf-8" />
  <meta name='ocr-system' content='tesseract 3.04.00' />
  <meta name='ocr-capabilities' content='ocr_page ocr_carea ocr_par ocr_line ocrx_word'/>
</head>
<body>
  <div class='ocr_page' id='page_1' title='image "./novicommentariac10impe_0389.png"; bbox 0 0 1972 2652; ppageno 0'>
   <div class='ocr_carea' id='block_1_1' title="bbox 418 172 1374 228">
    <p class='ocr_par' dir='ltr' id='par_1_1' title="bbox 418 172 1374 228">
     <span class='ocr_line' id='line_1_1' title="bbox 418 172 1374 228; baseline 0.004 -14"><span class='ocrx_word' id='word_1_1' title='bbox 418 172 1071 217; x_wconf 78' lang='lat' dir='ltr'><em>VENTIMENS.</em></span> <span class='ocrx_word' id='word_1_2' title='bbox 1295 191 1374 228; x_wconf 75' lang='lat'>305</span> 
     </span>
    </p>
   </div>
   <div class='ocr_carea' id='block_1_2' title="bbox 120 286 1380 654">
    <p class='ocr_par' dir='ltr' id='par_1_2' title="bbox 120 286 1380 654">
     <span class='ocr_line' id='line_1_2' title="bbox 266 286 1380 339; baseline 0 -12"><span class='ocrx_word' id='word_1_3' title='bbox 266 286 361 328; x_wconf 87' lang='lat' dir='ltr'>Non</span> <span class='ocrx_word' id='word_1_4' title='bbox 396 298 491 337; x_wconf 82' lang='lat' dir='ltr'>opus</span> <span class='ocrx_word' id='word_1_5' title='bbox 518 286 570 326; x_wconf 85' lang='lat' dir='ltr'>est</span> <span class='ocrx_word' id='word_1_6' title='bbox 591 318 604 337; x_wconf 85' lang='lat'>,</span> <span class='ocrx_word' id='word_1_7' title='bbox 637 299 770 326; x_wconf 75' lang='lat' dir='ltr'>omnes</span> <span class='ocrx_word' id='word_1_8' title='bbox 803 288 1035 326; x_wconf 86' lang='lat' dir='ltr'>celeritatum</span> <span class='ocrx_word' id='word_1_9' title='bbox 1068 289 1200 339; x_wconf 75' lang='lat' dir='ltr'>gradus</span> <span class='ocrx_word' id='word_1_10' title='bbox 1233 290 1380 328; x_wconf 72' lang='lat' dir='ltr'>machi-</span> 
     </span>
     <span class='ocr_line' id='line_1_3' title="bbox 124 350 1377 403; baseline 0.002 -14"><span class='ocrx_word' id='word_1_11' title='bbox 124 362 193 390; x_wconf 87' lang='lat' dir='ltr'>nae</span> <span class='ocrx_word' id='word_1_12' title='bbox 225 351 367 389; x_wconf 75' lang='lat' dir='ltr'>auxilio</span> <span class='ocrx_word' id='word_1_13' title='bbox 400 350 682 403; x_wconf 77' lang='lat' dir='ltr'>determinare3</span> <span class='ocrx_word' id='word_1_14' title='bbox 724 350 785 389; x_wconf 90' lang='lat' dir='ltr'>sed</span> <span class='ocrx_word' id='word_1_15' title='bbox 820 351 1037 403; x_wconf 45' lang='lat' dir='ltr'>quibudam</span> <span class='ocrx_word' id='word_1_16' title='bbox 1075 351 1171 390; x_wconf 78' lang='lat' dir='ltr'>illius</span> <span class='ocrx_word' id='word_1_17' title='bbox 1204 363 1277 403; x_wconf 86' lang='lat' dir='ltr'>ope</span> <span class='ocrx_word' id='word_1_18' title='bbox 1311 352 1377 391; x_wconf 80' lang='lat' dir='ltr'>de·</span> 
     </span>
     <span class='ocr_line' id='line_1_4' title="bbox 122 413 1380 467; baseline 0.002 -15"><span class='ocrx_word' id='word_1_19' title='bbox 122 416 258 453; x_wconf 80' lang='lat' dir='ltr'>notatis</span> <span class='ocrx_word' id='word_1_20' title='bbox 292 444 304 464; x_wconf 88' lang='lat'>‚</span> <span class='ocrx_word' id='word_1_21' title='bbox 355 413 515 466; x_wconf 80' lang='lat' dir='ltr'>reliquae</span> <span class='ocrx_word' id='word_1_22' title='bbox 568 415 826 453; x_wconf 66' lang='lat' dir='ltr'>interiacentes</span> <span class='ocrx_word' id='word_1_23' title='bbox 873 413 1114 453; x_wconf 74' lang='lat' dir='ltr'>subdiuisione</span> <span class='ocrx_word' id='word_1_24' title='bbox 1162 414 1380 467; x_wconf 74' lang='lat' dir='ltr'>interpolati</span> 
     </span>
     <span class='ocr_line' id='line_1_5' title="bbox 120 475 1380 530; baseline 0 -14"><span class='ocrx_word' id='word_1_25' title='bbox 120 477 286 530; x_wconf 84' lang='lat' dir='ltr'>poffunt.</span> <span class='ocrx_word' id='word_1_26' title='bbox 353 475 418 517; x_wconf 88' lang='lat' dir='ltr'>Ne</span> <span class='ocrx_word' id='word_1_27' title='bbox 443 488 573 517; x_wconf 75' lang='lat' dir='ltr'>nutem</span> <span class='ocrx_word' id='word_1_28' title='bbox 602 477 740 529; x_wconf 84' lang='lat' dir='ltr'>aliquid</span> <span class='ocrx_word' id='word_1_29' title='bbox 772 476 924 516; x_wconf 83' lang='lat' dir='ltr'>deficiat</span> <span class='ocrx_word' id='word_1_30' title='bbox 945 506 958 526; x_wconf 86' lang='lat'><strong>‚</strong></span> <span class='ocrx_word' id='word_1_31' title='bbox 1009 476 1110 527; x_wconf 86' lang='lat' dir='ltr'>quod</span> <span class='ocrx_word' id='word_1_32' title='bbox 1141 479 1380 529; x_wconf 85' lang='lat' dir='ltr'>experimen-</span> 
     </span>
     <span class='ocr_line' id='line_1_6' title="bbox 120 537 1379 592; baseline 0.002 -13"><span class='ocrx_word' id='word_1_33' title='bbox 120 549 204 579; x_wconf 88' lang='lat' dir='ltr'>tum</span> <span class='ocrx_word' id='word_1_34' title='bbox 256 540 463 581; x_wconf 79' lang='lat' dir='ltr'>accuratius</span> <span class='ocrx_word' id='word_1_35' title='bbox 511 539 671 580; x_wconf 86' lang='lat' dir='ltr'>reddere</span> <span class='ocrx_word' id='word_1_36' title='bbox 724 539 865 592; x_wconf 85' lang='lat' dir='ltr'>poffit‚</span> <span class='ocrx_word' id='word_1_37' title='bbox 916 537 1132 578; x_wconf 77' lang='lat' dir='ltr'>Barometri</span> <span class='ocrx_word' id='word_1_38' title='bbox 1183 553 1252 581; x_wconf 89' lang='lat' dir='ltr'>nec</span> <span class='ocrx_word' id='word_1_39' title='bbox 1301 552 1379 581; x_wconf 87' lang='lat' dir='ltr'>non</span> 
     </span>
     <span class='ocr_line' id='line_1_7' title="bbox 120 601 1176 654; baseline 0 -13"><span class='ocrx_word' id='word_1_40' title='bbox 120 602 415 643; x_wconf 87' lang='lat' dir='ltr'>Thermometri</span> <span class='ocrx_word' id='word_1_41' title='bbox 445 604 658 643; x_wconf 83' lang='lat' dir='ltr'>altitudines</span> <span class='ocrx_word' id='word_1_42' title='bbox 688 615 769 643; x_wconf 87' lang='lat' dir='ltr'>nou</span> <span class='ocrx_word' id='word_1_43' title='bbox 808 601 1050 654; x_wconf 82' lang='lat' dir='ltr'>negligendae</span> <span class='ocrx_word' id='word_1_44' title='bbox 1084 603 1176 642; x_wconf 82' lang='lat' dir='ltr'>sunt.</span> 
     </span>
    </p>
   </div>
   <div class='ocr_carea' id='block_1_3' title="bbox 114 712 1385 1643">
    <p class='ocr_par' dir='ltr' id='par_1_3' title="bbox 114 712 1385 1643">
     <span class='ocr_line' id='line_1_8' title="bbox 268 712 1385 767; baseline 0.001 -14"><span class='ocrx_word' id='word_1_45' title='bbox 268 712 382 754; x_wconf 91' lang='lat' dir='ltr'>Breui</span> <span class='ocrx_word' id='word_1_46' title='bbox 414 715 598 755; x_wconf 87' lang='lat' dir='ltr'>exercitio</span> <span class='ocrx_word' id='word_1_47' title='bbox 628 714 817 767; x_wconf 84' lang='lat' dir='ltr'>acquirere</span> <span class='ocrx_word' id='word_1_48' title='bbox 853 713 1046 766; x_wconf 74' lang='lat' dir='ltr'>possumus</span> <span class='ocrx_word' id='word_1_49' title='bbox 1064 712 1385 758; x_wconf 81' lang='lat' dir='ltr'>consuetudinem.</span> 
     </span>
     <span class='ocr_line' id='line_1_9' title="bbox 119 776 1383 829; baseline 0 -14"><span class='ocrx_word' id='word_1_50' title='bbox 119 784 291 829; x_wconf 84' lang='lat' dir='ltr'>quartam</span> <span class='ocrx_word' id='word_1_51' title='bbox 314 807 326 826; x_wconf 90' lang='lat'>,</span> <span class='ocrx_word' id='word_1_52' title='bbox 361 777 423 816; x_wconf 87' lang='lat' dir='ltr'>vel</span> <span class='ocrx_word' id='word_1_53' title='bbox 454 778 652 817; x_wconf 80' lang='lat' dir='ltr'>dimidiam</span> <span class='ocrx_word' id='word_1_54' title='bbox 685 786 833 829; x_wconf 79' lang='lat' dir='ltr'>partem</span> <span class='ocrx_word' id='word_1_55' title='bbox 863 776 1106 815; x_wconf 85' lang='lat' dir='ltr'>reuolutionis</span> <span class='ocrx_word' id='word_1_56' title='bbox 1128 807 1139 827; x_wconf 89' lang='lat'>,</span> <span class='ocrx_word' id='word_1_57' title='bbox 1175 776 1234 815; x_wconf 81' lang='lat' dir='ltr'>vel</span> <span class='ocrx_word' id='word_1_58' title='bbox 1273 788 1383 816; x_wconf 87' lang='lat' dir='ltr'>reuo-</span> 
     </span>
     <span class='ocr_line' id='line_1_10' title="bbox 119 838 1385 893; baseline 0.002 -15"><span class='ocrx_word' id='word_1_59' title='bbox 119 838 303 879; x_wconf 88' lang='lat' dir='ltr'>lutionem</span> <span class='ocrx_word' id='word_1_60' title='bbox 337 840 546 892; x_wconf 83' lang='lat' dir='ltr'>integram,</span> <span class='ocrx_word' id='word_1_61' title='bbox 576 838 696 892; x_wconf 85' lang='lat' dir='ltr'>spatio</span> <span class='ocrx_word' id='word_1_62' title='bbox 725 840 909 893; x_wconf 83' lang='lat' dir='ltr'>temporis</span> <span class='ocrx_word' id='word_1_63' title='bbox 941 841 1049 878; x_wconf 79' lang='lat' dir='ltr'>vuius</span> <span class='ocrx_word' id='word_1_64' title='bbox 1083 839 1219 878; x_wconf 81' lang='lat' dir='ltr'>minuti</span> <span class='ocrx_word' id='word_1_65' title='bbox 1255 838 1385 879; x_wconf 88' lang='lat' dir='ltr'>secun-</span> 
     </span>
     <span class='ocr_line' id='line_1_11' title="bbox 117 900 1383 956; baseline -0.002 -15"><span class='ocrx_word' id='word_1_66' title='bbox 117 902 189 950; x_wconf 91' lang='lat' dir='ltr'>di,</span> <span class='ocrx_word' id='word_1_67' title='bbox 222 910 333 941; x_wconf 91' lang='lat' dir='ltr'>motu</span> <span class='ocrx_word' id='word_1_68' title='bbox 362 903 574 943; x_wconf 81' lang='lat' dir='ltr'>admodum</span> <span class='ocrx_word' id='word_1_69' title='bbox 610 903 824 954; x_wconf 74' lang='lat' dir='ltr'>vniibrmi,</span> <span class='ocrx_word' id='word_1_70' title='bbox 861 901 1081 955; x_wconf 69' lang='lat' dir='ltr'>efficiendiz,</span> <span class='ocrx_word' id='word_1_71' title='bbox 1135 900 1207 956; x_wconf 76' lang='lat' dir='ltr'>per</span> <span class='ocrx_word' id='word_1_72' title='bbox 1248 903 1383 942; x_wconf 78' lang='lat' dir='ltr'>conse.</span> 
     </span>
     <span class='ocr_line' id='line_1_12' title="bbox 118 963 1382 1019; baseline 0.002 -15"><span class='ocrx_word' id='word_1_73' title='bbox 118 976 232 1017; x_wconf 85' lang='lat' dir='ltr'>quens</span> <span class='ocrx_word' id='word_1_74' title='bbox 261 966 377 1005; x_wconf 87' lang='lat' dir='ltr'>vnico</span> <span class='ocrx_word' id='word_1_75' title='bbox 408 966 514 1005; x_wconf 81' lang='lat' dir='ltr'>radio</span> <span class='ocrx_word' id='word_1_76' title='bbox 547 963 638 1006; x_wconf 90' lang='lat' dir='ltr'>DG</span> <span class='ocrx_word' id='word_1_77' title='bbox 658 999 671 1017; x_wconf 88' lang='lat'>‚</span> <span class='ocrx_word' id='word_1_78' title='bbox 712 976 900 1018; x_wconf 78' lang='lat' dir='ltr'>tympano</span> <span class='ocrx_word' id='word_1_79' title='bbox 939 965 975 1005; x_wconf 89' lang='lat' dir='ltr'>H</span> <span class='ocrx_word' id='word_1_80' title='bbox 994 997 1006 1016; x_wconf 88' lang='lat'>‚</span> <span class='ocrx_word' id='word_1_81' title='bbox 1058 978 1099 1005; x_wconf 85' lang='lat' dir='ltr'>ac</span> <span class='ocrx_word' id='word_1_82' title='bbox 1150 967 1382 1019; x_wconf 66' lang='lat' dir='ltr'>quadruplici</span> 
     </span>
     <span class='ocr_line' id='line_1_13' title="bbox 116 1027 1381 1086; baseline 0.002 -20"><span class='ocrx_word' id='word_1_83' title='bbox 116 1027 315 1077; x_wconf 85' lang='lat' dir='ltr'>trochlea‚</span> <span class='ocrx_word' id='word_1_84' title='bbox 342 1028 514 1086; x_wconf 81' lang='lat' dir='ltr'>gyrgillo</span> <span class='ocrx_word' id='word_1_85' title='bbox 545 1027 662 1068; x_wconf 82' lang='lat' dir='ltr'>affixa</span> <span class='ocrx_word' id='word_1_86' title='bbox 681 1061 693 1079; x_wconf 85' lang='lat'>,</span> <span class='ocrx_word' id='word_1_87' title='bbox 726 1029 968 1068; x_wconf 81' lang='lat' dir='ltr'>velocitatem</span> <span class='ocrx_word' id='word_1_88' title='bbox 1008 1027 1168 1068; x_wconf 85' lang='lat' dir='ltr'>sedecies</span> <span class='ocrx_word' id='word_1_89' title='bbox 1207 1041 1381 1069; x_wconf 86' lang='lat' dir='ltr'>commu-</span> 
     </span>
     <span class='ocr_line' id='line_1_14' title="bbox 117 1090 1384 1144; baseline 0.002 -15"><span class='ocrx_word' id='word_1_90' title='bbox 117 1097 198 1130; x_wconf 86' lang='lat' dir='ltr'>tare</span> <span class='ocrx_word' id='word_1_91' title='bbox 222 1121 236 1141; x_wconf 80' lang='lat'>‚</span> <span class='ocrx_word' id='word_1_92' title='bbox 265 1090 481 1142; x_wconf 86' lang='lat' dir='ltr'>insuperque</span> <span class='ocrx_word' id='word_1_93' title='bbox 515 1092 691 1143; x_wconf 80' lang='lat' dir='ltr'>tympani</span> <span class='ocrx_word' id='word_1_94' title='bbox 726 1090 763 1130; x_wconf 87' lang='lat' dir='ltr'>H</span> <span class='ocrx_word' id='word_1_95' title='bbox 814 1091 1028 1130; x_wconf 85' lang='lat' dir='ltr'>mutatione</span> <span class='ocrx_word' id='word_1_96' title='bbox 1048 1121 1063 1144; x_wconf 81' lang='lat'>,</span> <span class='ocrx_word' id='word_1_97' title='bbox 1094 1090 1190 1129; x_wconf 70' lang='lat' dir='ltr'>facili</span> <span class='ocrx_word' id='word_1_98' title='bbox 1222 1091 1384 1144; x_wconf 82' lang='lat' dir='ltr'>negotio</span> 
     </span>
     <span class='ocr_line' id='line_1_15' title="bbox 117 1147 1383 1207; baseline 0.003 -16"><span class='ocrx_word' id='word_1_99' title='bbox 117 1151 214 1192; x_wconf 80' lang='lat' dir='ltr'>illius</span> <span class='ocrx_word' id='word_1_100' title='bbox 234 1152 484 1192; x_wconf 74' lang='lat' dir='ltr'>variationem</span> <span class='ocrx_word' id='word_1_101' title='bbox 519 1147 767 1205; x_wconf 83' lang='lat' dir='ltr'>multiplicare</span> <span class='ocrx_word' id='word_1_102' title='bbox 798 1154 1000 1205; x_wconf 85' lang='lat' dir='ltr'>poffumus.</span> <span class='ocrx_word' id='word_1_103' title='bbox 1065 1152 1207 1194; x_wconf 80' lang='lat' dir='ltr'>Modus</span> <span class='ocrx_word' id='word_1_104' title='bbox 1239 1155 1383 1207; x_wconf 79' lang='lat' dir='ltr'>veloci-</span> 
     </span>
     <span class='ocr_line' id='line_1_16' title="bbox 117 1215 1384 1271; baseline 0.004 -17"><span class='ocrx_word' id='word_1_105' title='bbox 117 1223 212 1255; x_wconf 83' lang='lat' dir='ltr'>tates</span> <span class='ocrx_word' id='word_1_106' title='bbox 262 1215 430 1257; x_wconf 81' lang='lat' dir='ltr'>variandi</span> <span class='ocrx_word' id='word_1_107' title='bbox 475 1215 554 1255; x_wconf 87' lang='lat' dir='ltr'>iam</span> <span class='ocrx_word' id='word_1_108' title='bbox 602 1215 830 1267; x_wconf 83' lang='lat' dir='ltr'>descriptus,</span> <span class='ocrx_word' id='word_1_109' title='bbox 864 1217 1002 1255; x_wconf 88' lang='lat' dir='ltr'>melior</span> <span class='ocrx_word' id='word_1_110' title='bbox 1036 1215 1136 1255; x_wconf 86' lang='lat' dir='ltr'>mihi</span> <span class='ocrx_word' id='word_1_111' title='bbox 1171 1216 1268 1256; x_wconf 80' lang='lat' dir='ltr'>visus</span> <span class='ocrx_word' id='word_1_112' title='bbox 1298 1219 1384 1271; x_wconf 82' lang='lat' dir='ltr'>est,</span> 
     </span>
     <span class='ocr_line' id='line_1_17' title="bbox 115 1277 1381 1331; baseline 0.003 -14"><span class='ocrx_word' id='word_1_113' title='bbox 115 1289 232 1331; x_wconf 85' lang='lat' dir='ltr'>quam</span> <span class='ocrx_word' id='word_1_114' title='bbox 266 1277 357 1318; x_wconf 77' lang='lat' dir='ltr'>radii</span> <span class='ocrx_word' id='word_1_115' title='bbox 395 1278 678 1317; x_wconf 81' lang='lat' dir='ltr'>commutatio:</span> <span class='ocrx_word' id='word_1_116' title='bbox 712 1277 859 1318; x_wconf 77' lang='lat' dir='ltr'>forsitan</span> <span class='ocrx_word' id='word_1_117' title='bbox 893 1278 997 1317; x_wconf 89' lang='lat' dir='ltr'>enim</span> <span class='ocrx_word' id='word_1_118' title='bbox 1035 1279 1142 1317; x_wconf 80' lang='lat' dir='ltr'>radio</span> <span class='ocrx_word' id='word_1_119' title='bbox 1175 1280 1290 1318; x_wconf 87' lang='lat' dir='ltr'>nimis</span> <span class='ocrx_word' id='word_1_120' title='bbox 1316 1281 1381 1321; x_wconf 88' lang='lat' dir='ltr'>de-</span> 
     </span>
     <span class='ocr_line' id='line_1_18' title="bbox 114 1339 1381 1397; baseline 0.003 -18"><span class='ocrx_word' id='word_1_121' title='bbox 114 1349 290 1391; x_wconf 83' lang='lat' dir='ltr'>curtato,</span> <span class='ocrx_word' id='word_1_122' title='bbox 336 1342 524 1388; x_wconf 82' lang='lat' dir='ltr'>vortices,</span> <span class='ocrx_word' id='word_1_123' title='bbox 551 1340 818 1386; x_wconf 57' lang='lat' dir='ltr'>‚velocitatum</span> <span class='ocrx_word' id='word_1_124' title='bbox 869 1339 1204 1380; x_wconf 83' lang='lat' dir='ltr'>determinationes</span> <span class='ocrx_word' id='word_1_125' title='bbox 1253 1342 1381 1397; x_wconf 90' lang='lat' dir='ltr'>aliquo</span> 
     </span>
     <span class='ocr_line' id='line_1_19' title="bbox 115 1401 1383 1456; baseline 0.005 -16"><span class='ocrx_word' id='word_1_126' title='bbox 115 1402 239 1442; x_wconf 87' lang='lat' dir='ltr'>modo</span> <span class='ocrx_word' id='word_1_127' title='bbox 267 1401 465 1441; x_wconf 79' lang='lat' dir='ltr'>reddentes</span> <span class='ocrx_word' id='word_1_128' title='bbox 498 1402 659 1443; x_wconf 83' lang='lat' dir='ltr'>incertas</span> <span class='ocrx_word' id='word_1_129' title='bbox 680 1434 692 1454; x_wconf 85' lang='lat'>‚</span> <span class='ocrx_word' id='word_1_130' title='bbox 722 1402 813 1442; x_wconf 89' lang='lat' dir='ltr'>oriri</span> <span class='ocrx_word' id='word_1_131' title='bbox 862 1402 1014 1456; x_wconf 87' lang='lat' dir='ltr'>poffint.</span> <span class='ocrx_word' id='word_1_132' title='bbox 1096 1403 1236 1443; x_wconf 85' lang='lat' dir='ltr'>Vnicae</span> <span class='ocrx_word' id='word_1_133' title='bbox 1287 1408 1383 1446; x_wconf 78' lang='lat' dir='ltr'>eius·</span> 
     </span>
     <span class='ocr_line' id='line_1_20' title="bbox 114 1463 1378 1524; baseline 0.004 -21"><span class='ocrx_word' id='word_1_134' title='bbox 114 1463 224 1503; x_wconf 87' lang='lat' dir='ltr'>modi</span> <span class='ocrx_word' id='word_1_135' title='bbox 281 1464 481 1505; x_wconf 77' lang='lat' dir='ltr'>machinae</span> <span class='ocrx_word' id='word_1_136' title='bbox 527 1465 683 1513; x_wconf 53' lang='lat' dir='ltr'>auxilio,</span> <span class='ocrx_word' id='word_1_137' title='bbox 721 1466 1006 1506; x_wconf 79' lang='lat' dir='ltr'>innumerabilia</span> <span class='ocrx_word' id='word_1_138' title='bbox 1057 1467 1341 1508; x_wconf 85' lang='lat' dir='ltr'>Anemometra</span> <span class='ocrx_word' id='word_1_139' title='bbox 1365 1500 1378 1524; x_wconf 83' lang='lat'><em>‚</em></span> 
     </span>
     <span class='ocr_line' id='line_1_21' title="bbox 114 1526 1379 1582; baseline 0.006 -18"><span class='ocrx_word' id='word_1_140' title='bbox 114 1526 366 1567; x_wconf 80' lang='lat' dir='ltr'>velocitatum</span> <span class='ocrx_word' id='word_1_141' title='bbox 398 1528 645 1568; x_wconf 82' lang='lat' dir='ltr'>absolutarum</span> <span class='ocrx_word' id='word_1_142' title='bbox 680 1528 856 1581; x_wconf 76' lang='lat' dir='ltr'>gradibus</span> <span class='ocrx_word' id='word_1_143' title='bbox 890 1528 1057 1582; x_wconf 87' lang='lat' dir='ltr'>praedita</span> <span class='ocrx_word' id='word_1_144' title='bbox 1078 1559 1093 1582; x_wconf 86' lang='lat'>,</span> <span class='ocrx_word' id='word_1_145' title='bbox 1122 1529 1303 1572; x_wconf 84' lang='lat' dir='ltr'>elaborari</span> <span class='ocrx_word' id='word_1_146' title='bbox 1332 1543 1379 1573; x_wconf 84' lang='lat' dir='ltr'>ac</span> 
     </span>
     <span class='ocr_line' id='line_1_22' title="bbox 116 1588 905 1643; baseline 0.004 -16"><span class='ocrx_word' id='word_1_147' title='bbox 116 1588 235 1628; x_wconf 78' lang='lat' dir='ltr'>vbiuis</span> <span class='ocrx_word' id='word_1_148' title='bbox 264 1590 368 1629; x_wconf 86' lang='lat' dir='ltr'>mitti</span> <span class='ocrx_word' id='word_1_149' title='bbox 409 1590 549 1643; x_wconf 76' lang='lat' dir='ltr'>poffe⁷</span> <span class='ocrx_word' id='word_1_150' title='bbox 584 1603 650 1643; x_wconf 90' lang='lat' dir='ltr'>per</span> <span class='ocrx_word' id='word_1_151' title='bbox 683 1591 716 1630; x_wconf 89' lang='lat' dir='ltr'>se</span> <span class='ocrx_word' id='word_1_152' title='bbox 748 1591 905 1631; x_wconf 86' lang='lat' dir='ltr'>constat.</span> 
     </span>
    </p>
   </div>
   <div class='ocr_carea' id='block_1_4' title="bbox 116 1698 1380 2131">
    <p class='ocr_par' dir='ltr' id='par_1_4' title="bbox 116 1698 1380 2131">
     <span class='ocr_line' id='line_1_23' title="bbox 263 1698 1380 1753; baseline 0.006 -16"><span class='ocrx_word' id='word_1_153' title='bbox 263 1698 406 1753; x_wconf 76' lang='lat' dir='ltr'>Quodsi</span> <span class='ocrx_word' id='word_1_154' title='bbox 437 1701 552 1739; x_wconf 87' lang='lat' dir='ltr'>elater</span> <span class='ocrx_word' id='word_1_155' title='bbox 579 1712 653 1752; x_wconf 88' lang='lat' dir='ltr'>pro</span> <span class='ocrx_word' id='word_1_156' title='bbox 684 1701 860 1741; x_wconf 82' lang='lat' dir='ltr'>maxima</span> <span class='ocrx_word' id='word_1_157' title='bbox 906 1700 1098 1741; x_wconf 76' lang='lat' dir='ltr'>celeritate</span> <span class='ocrx_word' id='word_1_158' title='bbox 1154 1700 1192 1740; x_wconf 89' lang='lat' dir='ltr'>in</span> <span class='ocrx_word' id='word_1_159' title='bbox 1242 1700 1380 1744; x_wconf 74' lang='lat' dir='ltr'>instru-</span> 
     </span>
     <span class='ocr_line' id='line_1_24' title="bbox 119 1759 1378 1819; baseline 0.004 -17"><span class='ocrx_word' id='word_1_160' title='bbox 119 1770 253 1802; x_wconf 86' lang='lat' dir='ltr'>mento</span> <span class='ocrx_word' id='word_1_161' title='bbox 283 1759 544 1814; x_wconf 82' lang='lat' dir='ltr'>Bougueriano</span> <span class='ocrx_word' id='word_1_162' title='bbox 577 1764 739 1803; x_wconf 82' lang='lat' dir='ltr'>notanda</span> <span class='ocrx_word' id='word_1_163' title='bbox 781 1764 895 1803; x_wconf 89' lang='lat' dir='ltr'>nimis</span> <span class='ocrx_word' id='word_1_164' title='bbox 942 1763 1071 1804; x_wconf 88' lang='lat' dir='ltr'>debilis</span> <span class='ocrx_word' id='word_1_165' title='bbox 1119 1764 1343 1806; x_wconf 84' lang='lat' dir='ltr'>inueniretur</span> <span class='ocrx_word' id='word_1_166' title='bbox 1363 1796 1378 1819; x_wconf 85' lang='lat'>,</span> 
     </span>
     <span class='ocr_line' id='line_1_25' title="bbox 117 1824 1378 1880; baseline 0.006 -17"><span class='ocrx_word' id='word_1_167' title='bbox 117 1833 207 1865; x_wconf 90' lang='lat' dir='ltr'>tunc</span> <span class='ocrx_word' id='word_1_168' title='bbox 260 1824 356 1864; x_wconf 81' lang='lat' dir='ltr'>facili</span> <span class='ocrx_word' id='word_1_169' title='bbox 390 1826 546 1878; x_wconf 85' lang='lat' dir='ltr'>negotio</span> <span class='ocrx_word' id='word_1_170' title='bbox 599 1825 685 1865; x_wconf 88' lang='lat' dir='ltr'>huic</span> <span class='ocrx_word' id='word_1_171' title='bbox 725 1828 868 1867; x_wconf 84' lang='lat' dir='ltr'>mederi</span> <span class='ocrx_word' id='word_1_172' title='bbox 918 1827 1133 1880; x_wconf 84' lang='lat' dir='ltr'>possumus,</span> <span class='ocrx_word' id='word_1_173' title='bbox 1184 1828 1378 1870; x_wconf 82' lang='lat' dir='ltr'>mediante</span> 
     </span>
     <span class='ocr_line' id='line_1_26' title="bbox 117 1886 1376 1943; baseline 0.006 -17"><span class='ocrx_word' id='word_1_174' title='bbox 117 1888 253 1940; x_wconf 84' lang='lat' dir='ltr'>capulo</span> <span class='ocrx_word' id='word_1_175' title='bbox 285 1886 328 1927; x_wconf 95' lang='lat' dir='ltr'>D</span> <span class='ocrx_word' id='word_1_176' title='bbox 349 1919 359 1937; x_wconf 89' lang='lat'>,</span> <span class='ocrx_word' id='word_1_177' title='bbox 409 1888 558 1928; x_wconf 84' lang='lat' dir='ltr'>vlterius</span> <span class='ocrx_word' id='word_1_178' title='bbox 591 1889 793 1943; x_wconf 78' lang='lat' dir='ltr'>protrus03</span> <span class='ocrx_word' id='word_1_179' title='bbox 842 1899 900 1930; x_wconf 83' lang='lat' dir='ltr'>aut</span> <span class='ocrx_word' id='word_1_180' title='bbox 933 1890 1072 1931; x_wconf 87' lang='lat' dir='ltr'>eodem</span> <span class='ocrx_word' id='word_1_181' title='bbox 1121 1891 1285 1932; x_wconf 74' lang='lat' dir='ltr'>retraeco</span> <span class='ocrx_word' id='word_1_182' title='bbox 1305 1924 1316 1943; x_wconf 82' lang='lat'>,</span> <span class='ocrx_word' id='word_1_183' title='bbox 1352 1892 1376 1933; x_wconf 81' lang='lat' dir='ltr'>fi</span> 
     </span>
     <span class='ocr_line' id='line_1_27' title="bbox 116 1951 1379 2005; baseline 0.005 -15"><span class='ocrx_word' id='word_1_184' title='bbox 116 1953 347 1991; x_wconf 82' lang='lat' dir='ltr'>contrarium</span> <span class='ocrx_word' id='word_1_185' title='bbox 391 1951 600 2004; x_wconf 83' lang='lat' dir='ltr'>contigerit.</span> <span class='ocrx_word' id='word_1_186' title='bbox 683 1952 736 1993; x_wconf 89' lang='lat' dir='ltr'>Vt</span> <span class='ocrx_word' id='word_1_187' title='bbox 776 1953 870 1993; x_wconf 82' lang='lat' dir='ltr'>linea</span> <span class='ocrx_word' id='word_1_188' title='bbox 903 1964 1031 1994; x_wconf 84' lang='lat' dir='ltr'>autem</span> <span class='ocrx_word' id='word_1_189' title='bbox 1050 1986 1061 2005; x_wconf 91' lang='lat'>‚</span> <span class='ocrx_word' id='word_1_190' title='bbox 1111 1954 1182 1996; x_wconf 87' lang='lat' dir='ltr'>stili</span> <span class='ocrx_word' id='word_1_191' title='bbox 1234 1955 1379 1996; x_wconf 61' lang='lat' dir='ltr'>afflictu</span> 
     </span>
     <span class='ocr_line' id='line_1_28' title="bbox 117 2008 1378 2074; baseline 0.006 -22"><span class='ocrx_word' id='word_1_192' title='bbox 117 2025 197 2053; x_wconf 80' lang='lat' dir='ltr'>orta</span> <span class='ocrx_word' id='word_1_193' title='bbox 218 2047 228 2064; x_wconf 86' lang='lat'>,</span> <span class='ocrx_word' id='word_1_194' title='bbox 266 2013 397 2055; x_wconf 86' lang='lat' dir='ltr'>melius</span> <span class='ocrx_word' id='word_1_195' title='bbox 430 2015 470 2054; x_wconf 80' lang='lat' dir='ltr'>fit</span> <span class='ocrx_word' id='word_1_196' title='bbox 503 2014 783 2070; x_wconf 84' lang='lat' dir='ltr'>distinguenda,</span> <span class='ocrx_word' id='word_1_197' title='bbox 817 2017 1021 2074; x_wconf 85' lang='lat' dir='ltr'>superficiei</span> <span class='ocrx_word' id='word_1_198' title='bbox 1053 2010 1177 2073; x_wconf 74' lang='lat' dir='ltr'>virgae</span> <span class='ocrx_word' id='word_1_199' title='bbox 1207 2008 1378 2074; x_wconf 71' lang='lat' dir='ltr'>splendor</span> 
     </span>
     <span class='ocr_line' id='line_1_29' title="bbox 119 2077 724 2131; baseline 0.005 -14"><span class='ocrx_word' id='word_1_200' title='bbox 119 2079 283 2131; x_wconf 87' lang='lat' dir='ltr'>pumicis</span> <span class='ocrx_word' id='word_1_201' title='bbox 312 2090 388 2131; x_wconf 83' lang='lat' dir='ltr'>ope</span> <span class='ocrx_word' id='word_1_202' title='bbox 421 2078 473 2118; x_wconf 88' lang='lat' dir='ltr'>est</span> <span class='ocrx_word' id='word_1_203' title='bbox 502 2077 724 2121; x_wconf 82' lang='lat' dir='ltr'>demendus.</span> 
     </span>
    </p>
   </div>
   <div class='ocr_carea' id='block_1_5' title="bbox 181 2171 1377 2234">
    <p class='ocr_par' dir='ltr' id='par_1_5' title="bbox 181 2171 1377 2234">
     <span class='ocr_line' id='line_1_30' title="bbox 181 2171 1377 2234; baseline 0.001 -19"><span class='ocrx_word' id='word_1_204' title='bbox 181 2173 304 2216; x_wconf 88' lang='lat' dir='ltr'>Tom.</span> <span class='ocrx_word' id='word_1_205' title='bbox 315 2176 370 2219; x_wconf 88' lang='lat' dir='ltr'>X.</span> <span class='ocrx_word' id='word_1_206' title='bbox 384 2176 490 2217; x_wconf 85' lang='lat' dir='ltr'>Nou.</span> <span class='ocrx_word' id='word_1_207' title='bbox 502 2171 668 2216; x_wconf 89' lang='lat' dir='ltr'>Comm.</span> <span class='ocrx_word' id='word_1_208' title='bbox 940 2175 992 2234; x_wconf 80' lang='lat' dir='ltr'>Q</span> <span class='ocrx_word' id='word_1_209' title='bbox 1004 2188 1032 2232; x_wconf 91' lang='lat' dir='ltr'>q</span> <span class='ocrx_word' id='word_1_210' title='bbox 1260 2174 1377 2228; x_wconf 65' lang='lat' dir='ltr'>Deli-3</span> 
     </span>
    </p>
   </div>
  </div>
 </body>
</html>
