1972 2652
499 188 1045 235 PARADOXA
1324 206 1407 244 321

151 322 206 352 no
223 305 464 358 immittitur,
497 317 552 357 et,
583 306 718 347 eadem
749 305 786 345 in
819 304 970 358 phiolae
1004 315 1098 352 aqua
1133 312 1171 344 et
1203 304 1294 346 vasis
1324 318 1411 346 eam

152 372 379 415 continentis
399 403 409 422 ‚
443 371 631 424 temperie
666 380 745 410 orta
766 403 776 421 ,
826 368 989 409 inlicitur
1021 368 1138 408 subito
1168 370 1279 423 copia
1328 383 1413 425 pru-

150 448 312 478 narum:
347 434 597 476 obseruabitur
631 434 907 487 hydrargyrum
939 431 1059 473 subito
1091 433 1129 472 in
1175 432 1413 475 thermome-

150 511 209 542 tro
242 500 464 541 descendere
487 529 501 550 ‚
531 499 633 553 quod
667 499 747 538 stitis
774 497 1013 551 paradoxum
1046 496 1192 537 videtur
1213 529 1223 548 ,
1257 510 1373 551 quum
1394 509 1415 539 a

152 559 277 606 calore
311 563 516 604 carbonum
552 562 788 603 candentium
824 560 1053 601 iniectorum
1089 561 1291 601 mercurius
1338 573 1416 602 non

151 628 375 669 descendere
395 658 408 678 ,
449 627 508 666 sed
543 626 759 667 adscendere
793 624 926 665 debeat
946 655 957 676 ‚
1009 624 1177 676 adeoque
1212 624 1377 666 calorem
1399 655 1414 680 ‚

153 702 228 732 non
263 689 372 744 frigus
405 689 627 730 monstrare.
725 687 800 729 Sed
836 686 911 727 hoc
942 685 1051 739 frigus
1083 685 1137 727 est
1167 695 1313 729 tantum
1348 690 1416 731 ad-

150 766 286 808 parens
310 785 322 806 ,
355 765 432 793 non
465 745 597 792 ver'um
621 783 634 805 ,
677 763 766 791 non·
788 750 884 790 reale
905 782 916 804 ‚
970 749 1110 802 pendet
1141 749 1247 792 enim
1281 764 1358 792 nou
1392 764 1415 794 a

149 815 412 857 contractione
445 815 620 856 mercurii
653 814 692 854 in
724 812 1008 855 thermometro
1037 822 1219 856 contento
1239 846 1251 869 ,
1300 815 1359 855 sed
1391 827 1413 857 a

151 879 368 921 dilatatione
399 878 487 920 vitri
522 878 748 921 mercurium
781 877 1014 919 continentis
1037 876 1177 934 subita,
1210 888 1414 933 antequam

151 945 353 985 mercurius
385 956 405 984 a
438 942 562 984 calore
596 941 696 984 affici
727 951 769 983 et
800 940 944 983 dilatari
978 943 1136 997 potest3
1175 955 1266 984 nam
1301 955 1415 986 com·

152 1009 344 1049 municato
376 1006 498 1048 calore
529 1007 651 1049 statim
685 1006 886 1048 mercurius
917 1005 1135 1047 adscendere
1167 1006 1316 1062 incipit.

300 1101 381 1143 Pari
413 1102 532 1143 modo
566 1101 668 1143 calor
698 1101 880 1154 adparens
911 1097 1004 1140 oriri
1054 1099 1174 1153 potest
1225 1112 1247 1141 a
1299 1099 1414 1143 subita

152 1163 245 1206 vitri
295 1166 525 1207 mercurium
572 1164 799 1206 continentis
846 1162 1111 1204 contractione
1134 1195 1146 1217 ,
1198 1164 1290 1205 dum
1310 1195 1322 1217 ,
1372 1173 1414 1206 vt

151 1227 228 1269 hoc
279 1227 514 1282 potissimum
555 1237 731 1271 vtamur‚
777 1227 1100 1267 thermometrum
1135 1239 1188 1268 ex
1219 1239 1311 1283 aqua
1342 1227 1414 1271 fer-

150 1301 266 1331 vente
301 1302 339 1332 et
373 1291 551 1331 bulliente
581 1289 699 1330 subito
730 1290 769 1329 in
810 1291 898 1330 loco
946 1290 1138 1342 frigidiore
1184 1291 1412 1332 extrahitur.

148 1354 357 1395 Adscendit
386 1354 508 1395 subito
540 1354 581 1393 in
623 1350 798 1394 extracto
843 1353 1125 1393 thermometro
1177 1354 1414 1410 mercurius,

147 1416 209 1456 seu
241 1417 343 1458 saltus
375 1417 505 1457 subitus
537 1417 654 1457 oritur
674 1447 685 1469 ‚
733 1429 810 1472 quo
842 1415 943 1458 fusto
977 1416 1137 1470 statim,
1188 1425 1233 1457 vt
1264 1416 1378 1459 debet
1398 1448 1413 1475 ,

146 1480 285 1522 tursum
324 1478 543 1522 descendere
578 1480 723 1536 incipit.

295 1573 412 1615 Estne
461 1575 575 1628 igitur
615 1572 765 1616 forsitan
807 1573 846 1615 in
879 1572 1008 1614 nostris
1044 1570 1319 1627 phaenomenis
1351 1583 1412 1616 ta-

148 1635 194 1675 lis
222 1635 355 1677 caloris
383 1637 591 1678 diminutio
625 1646 665 1677 ct
695 1637 824 1679 audtio
856 1649 877 1677 a
911 1637 1133 1677 dilatatione
1172 1647 1210 1679 et
1258 1648 1411 1679 contra.-

148 1697 278 1738 c‘tione
333 1698 420 1738 vitri
471 1699 772 1741 thermometrici
815 1700 934 1740 solum
987 1701 1188 1752 pendens,
1240 1700 1409 1755 adeoque

147 1761 258 1815 frigus
275 1772 314 1802 et
344 1762 450 1802 calor
483 1772 627 1802 tantum
660 1761 873 1816 adparens?
907 1761 967 1804 De
1000 1761 1155 1816 frigore,
1186 1764 1260 1805 flue
1292 1765 1410 1806 dimi-

146 1829 304 1866 nutione
334 1825 493 1878 caloris,
532 1826 699 1880 primum
732 1827 949 1872 videamus,
980 1826 1068 1867 dein
1102 1827 1148 1868 de
1166 1828 1313 1883 calore,
1345 1827 1409 1883 qui

147 1888 185 1930 in
219 1888 506 1930 thermometro
538 1902 588 1931 ex
620 1890 713 1930 oleo
744 1889 885 1930 vitrioli
917 1889 1091 1932 extraeto
1132 1891 1265 1933 oritur.
1362 1891 1407 1934 Si

147 1953 318 1994 animum
353 1953 589 1994 attendamus
618 1954 665 1994 ad
697 1953 1019 2006 circumstantias,
1068 1954 1131 1997 sub
1164 1955 1292 2010 quibus
1341 1955 1408 2002 de-

145 2016 282 2058 scensus
313 2018 490 2058 mercurii
525 2019 746 2073 contingere
793 2017 921 2072 solet;
970 2017 1077 2059 facile
1125 2019 1403 2074 conspicietur,

146 2079 247 2121 hunc
281 2083 454 2124 mercurii
483 2081 693 2123 descensum
715 2113 726 2134 ,
775 2081 871 2124 hanc
913 2081 1042 2123 caloris
1089 2082 1403 2139 diminutionem,

145 2145 203 2186 seu
233 2144 382 2199 frigo-ris
417 2145 709 2199 productionem
731 2176 744 2202 ,
774 2145 1015 2204 adparentem
1047 2146 1118 2189 effe
1151 2160 1230 2190 non
1261 2147 1369 2205 poffe
1388 2176 1400 2197 ,

173 2226 179 2229 ·
209 2207 690 2254 Tom.X.Nou.Comm.
982 2209 1044 2258 Ss
1342 2208 1403 2252 sed
