1972 2652
575 301 670 351 476
910 294 1025 339 DE
1087 292 1522 341 VENERE*

572 411 742 453 debebat.
808 407 968 449 Vtinam
1003 408 1099 450 coeli
1132 405 1243 449 facies
1274 421 1325 450 ex
1361 417 1456 449 voto
1488 407 1636 463 semper
1652 407 1843 452 annuiffizt!

571 473 679 515 Circa
710 472 847 512 horam
879 474 1103 514 matutinam
1138 480 1196 520 22.
1237 473 1391 514 coelum
1444 475 1481 513 in
1530 474 1685 526 regione
1734 473 1837 514 hori-

567 538 719 588 zontis,
753 537 790 576 in
825 549 895 590 qua
929 540 1094 578 futurum
1127 535 1226 577 Solis
1257 549 1385 578 ortum
1421 537 1673 591 expectabam
1697 569 1709 591 ,
1755 537 1837 592 spis-

567 600 612 640 fis
644 600 800 640 nubibus
831 602 1040 654 tegebatur,
1141 600 1240 640 Hor.
1277 613 1301 649 3
1340 600 1413 653 spes
1441 602 1676 642 excitabatur
1697 629 1710 652 ,
1747 612 1839 641 cum

566 664 604 703 in
636 664 698 704 ista
729 666 882 717 regione
919 666 1034 706 nubes
1065 665 1289 717 interrumpi
1323 673 1363 703 et
1396 663 1516 705 hiatus
1567 677 1674 717 agere
1727 666 1838 706 vide-

567 738 692 768 rentur
712 760 723 779 ‚
774 740 888 781 quam
919 729 1016 769 coeli
1047 728 1158 769 fiicies
1190 736 1459 778 nonnunquam
1492 727 1582 768 aluit
1606 758 1618 779 ,
1664 729 1837 783 plerum—.-

566 804 637 844 que
688 801 818 831 autem
845 823 855 841 ,
913 793 1017 832 nouis
1070 791 1399 832 interuenientibus
1451 792 1636 844 nubibus,
1686 793 1833 846 eripuit.

567 854 632 904 Sic
664 865 792 894 ortum
824 852 920 895 Solis
948 886 958 900 ,
1002 856 1065 908 qui
1097 855 1171 895 hoc
1204 855 1265 894 die
1295 854 1382 895 hor.
1418 856 1563 904 3.50'.
1614 858 1837 908 contingere

568 916 730 967 debuit,
761 920 976 972 conspicere
1007 932 1085 960 non
1116 919 1262 959 licebat.
1334 918 1432 960 Hor.
1473 915 1574 969 4.9‘
1605 916 1835 973 superiorem

566 982 719 1032 quidem
753 979 850 1023 Solis
884 994 1037 1036 partem
1073 982 1156 1038 (situ
1189 980 1332 1037 erecto)
1366 985 1404 1024 in
1433 982 1534 1024 hiatu
1568 983 1722 1023 nubium
1743 994 1835 1023 con-

567 1043 733 1085 stitutam
768 1057 838 1098 per
871 1046 1027 1086 Tubum
1062 1046 1275 1087 terrestrem
1311 1060 1341 1097 4
1380 1049 1466 1100 ped.
1518 1047 1729 1100 videbam3
1781 1045 1834 1087 ast

565 1107 748 1156 infierior,
803 1110 862 1149 cui
898 1122 949 1150 ex
983 1110 1126 1152 calculo
1161 1109 1286 1150 Venus
1326 1111 1440 1151 inesse
1486 1111 1697 1161 debuiffet,
1749 1106 1833 1163 post

565 1171 680 1210 nubes
732 1172 882 1213 latebat.
986 1172 1194 1228 Adspecstus
1234 1173 1298 1213 hic
1336 1186 1405 1226 per
1437 1175 1628 1214 minutum
1663 1174 1834 1227 primum

566 1236 751 1287 temporis
784 1240 1057 1277 tantummodo
1088 1238 1263 1290 durauit3
1315 1239 1489 1291 deinceps
1524 1250 1615 1277 vero
1656 1240 1832 1277 continua

565 1294 663 1338 Solis
694 1310 715 1337 a
749 1300 904 1340 nubibus
954 1300 1158 1341 occultatio
1206 1301 1450 1354 sequebatur,
1500 1304 1625 1343 donec
1677 1300 1831 1341 tandem

565 1359 648 1399 hor.
690 1365 825 1410 535²,
861 1365 988 1416 prima
1025 1366 1110 1406 vice
1143 1363 1276 1405 Solem
1332 1367 1557 1418 integrum,
1616 1365 1661 1405 ad
1713 1376 1831 1419 pauca

569 1421 660 1461 licet
695 1426 876 1475 temporis
908 1437 1107 1469 momenta
1128 1459 1138 1476 ‚
1186 1439 1342 1467 cernere
1377 1429 1515 1468 liceret.
1584 1428 1638 1469 Et
1670 1441 1719 1481 exn
1754 1427 1831 1467 Ve-

566 1496 633 1524 nus
667 1486 702 1524 in
744 1484 858 1536 Sole,
913 1486 1047 1540 hospes
1093 1488 1328 1541 gratissima,
1379 1491 1607 1542 conspicua,
1664 1491 1827 1528 multum

564 1547 640 1587 iam
676 1548 768 1587 intra
801 1548 898 1589 Solis
928 1550 1063 1590 discum
1100 1551 1298 1603 progressa.
1380 1551 1521 1591 StAtim
1559 1564 1679 1592 nouae
1715 1553 1830 1591 nubes

564 1611 891 1656 interueniebant,
938 1625 1029 1665 quae
1064 1614 1193 1666 postea
1228 1624 1296 1664 per
1329 1614 1517 1653 interualla
1538 1645 1548 1663 ‚
1601 1616 1740 1666 exigua
1783 1614 1826 1653 li-

561 1682 652 1725 cet,
702 1672 798 1715 Solis
839 1675 1053 1729 adspeehim
1090 1676 1352 1716 admittebant.
1448 1674 1583 1716 Casum
1619 1675 1721 1716 hunc
1756 1688 1829 1717 ex-

562 1737 711 1789 templo
744 1739 789 1779 ad
821 1740 925 1779 vsnm
963 1739 1231 1793 applicab21m‚
1270 1749 1309 1778 et
1329 1768 1339 1782 ‚
1373 1752 1459 1781 cum
1496 1740 1726 1793 prolixiores
1758 1740 1827 1780 ob-

559 1801 778 1841 seruationes
810 1803 996 1842 instituere
1031 1803 1150 1842 breuis
1184 1801 1287 1842 Solis
1319 1804 1506 1856 apparitio
1546 1815 1623 1842 non
1666 1804 1824 1855 permit-

561 1872 689 1915 teret,
741 1866 788 1905 de
838 1866 1007 1906 distantia
1059 1866 1179 1906 centri
1231 1867 1391 1906 Veneris
1437 1880 1459 1907 a
1499 1866 1685 1920 proximo
1727 1864 1825 1907 Solis

561 1924 686 1966 limbo
717 1940 794 1981 ope
830 1930 1077 1971 Micrometri
1112 1928 1315 1971 Kirchiani
1344 1961 1356 1980 ,
1404 1943 1479 1983 quo
1524 1931 1653 1970 Tubus
1694 1929 1824 1982 aliquis

561 1989 829 2032 astronomicus
863 1996 906 2033 6.
944 1994 1030 2046 ped.
1066 1993 1259 2033 instructus
1291 2002 1397 2042 erat,
1453 1993 1695 2034 mensuranda
1725 1993 1823 2033 solli-

561 2051 653 2090 citus
682 2065 800 2093 eram.
877 2057 1041 2097 Praestiti
1073 2056 1109 2096 id
1141 2057 1278 2095 duabus
1311 2056 1451 2095 vicibus
1473 2088 1483 2106 ‚
1535 2057 1620 2097 hor.
1665 2060 1821 2109 5.49;',

563 2125 599 2152 et
633 2113 671 2153 h.
720 2128 754 2163 5.
801 2121 903 2164 543².
932 2130 1057 2173 temp.
1094 2119 1202 2167 veri,
1237 2130 1275 2158 et
1309 2119 1346 2158 in
1379 2130 1535 2173 Vtraque
1567 2119 1822 2161 obseruatione

562 2178 702 2218 dietam
736 2179 943 2220 distantiam
993 2177 1243 2231 :5‘.50¹'.
1294 2183 1421 2223 circuli
1470 2185 1634 2225 maximi
1686 2185 1821 2236 depre-

560 2241 687 2281 hendi.

1639 2320 1679 2358 5.
1717 2308 1822 2348 Tan·
