1972 2652
405 250 1069 299 ETASTERIIS.
1284 269 1369 306 42¹-

111 369 198 411 huic
229 365 419 409 trochleae
452 367 672 409 conciliabat
706 366 883 419 figuram.
948 365 1045 407 Non
1078 377 1160 406 raro
1193 365 1286 406 casui
1316 367 1376 406 in-

114 433 335 472 ventionem
370 433 533 473 veritatis
563 432 742 471 debemus
762 462 772 480 ,
805 431 843 469 id
878 430 978 482 quod
1011 438 1049 469 et
1077 430 1115 468 in
1148 428 1223 468 hoc
1253 430 1377 483 lapide

113 496 260 535 accidit.
323 493 521 548 Integrum
557 496 631 548 ipse
664 496 883 534 inueneram
912 524 923 545 ,
977 504 1014 532 et
1050 504 1168 545 neque
1201 493 1241 532 in
1276 494 1378 546 lupe-

65 590 68 593 .
116 560 228 609 tiore,
264 570 384 610 neque
417 559 455 598 in
488 558 662 598 inferiore
715 566 819 606 parte
852 557 929 595 eius
951 585 960 599 ‚
1011 555 1113 596 stella
1161 556 1378 608 apparebat.

117 619 217 661 Cum
251 621 375 661 locum
411 632 605 661 mutarem
641 629 678 659 et
711 619 929 671 Petro'polin
963 629 1131 671 peterem
1155 651 1165 669 ‚
1196 632 1270 659 vna
1291 630 1381 658 cum

115 685 260 736 reliquis
292 684 533 724 mineralibus
565 682 661 723 hanc
687 681 897 722 trochleam
932 694 1080 734 quoque
1107 682 1379 734 deportabam.

117 745 215 788 Casu
249 749 288 786 in
318 744 454 788 itinere
486 745 776 798 diffringebatur.
839 742 1032 783 Dolcbam
1069 746 1233 795 primam
1265 745 1383 784 iaetu-

116 823 217 860 ram,
251 822 362 861 quam
397 809 563 850 feceram
586 840 598 860 ‚
648 818 742 860 quae
777 806 875 846 mihi
907 819 954 846 eo
988 806 1114 846 maior
1158 808 1383 856 videbatur,

118 884 196 925 quo
247 874 360 912 rarius
407 872 514 912 huius
564 869 830 924 magnitudinis
876 869 1110 922 exemplaria
1165 880 1382 910 occurrunt.

123 934 344 976 Diffi-aetam
378 934 531 975 interim
563 946 649 974 cum
684 933 953 973 considerarem
978 964 989 983 ,
1045 931 1184 973 stellam
1228 933 1387 986 elegan-

119 999 297 1038 tiffimam
330 999 603 1052 quinquedram
638 996 880 1037 obseruabam
902 1008 935 1049 ‚·
969 996 1120 1050 qualem
1169 998 1385 1049 complures

118 1060 304 1102 Entrochi
339 1062 543 1102 monstrare
571 1060 701 1101 solent.
771 1058 815 1098 In
837 1060 921 1099 bina
941 1059 1061 1100 adhuc
1092 1059 1237 1111 diffregi
1255 1060 1387 1100 frustu-

105 1125 181 1171 la,
233 1125 545 1177 elegantissimum
580 1123 656 1163 hoc
689 1123 888 1173 exemplar
920 1120 1124 1161 curiositati
1158 1133 1286 1171 meae,
1320 1121 1386 1162 vel

123 1186 248 1240 potius
282 1188 441 1235 veritati,
476 1184 700 1236 sacrificans,
730 1194 768 1223 et
801 1195 889 1224 ecce
925 1184 1062 1237 vbique
1096 1183 1229 1223 eadem
1265 1184 1386 1225 stellae

123 1251 240 1301 figura
274 1249 326 1289 ob
355 1249 486 1288 oculos
519 1250 706 1286 veniebat.
787 1245 1024 1286 Columellae
1058 1246 1081 1285 b
1130 1247 1387 1301 perpendicu-·

122 1314 246 1353 lai-iter
279 1312 572 1358 descendentes,
628 1320 672 1349 vt
705 1309 803 1349 mihi
836 1311 990 1362 quidem
1025 1310 1201 1360 videtur,
1243 1310 1289 1350 ab
1321 1322 1386 1351 an·

120 1377 216 1428 gulis
249 1374 352 1416 buius
385 1375 504 1414 stellae
541 1374 770 1427 dependent.
837 1372 945 1414 Plura
962 1374 1008 1413 de
1029 1372 1082 1411 eis
1100 1371 1193 1412 infra
1214 1373 1355 1413 dicam.

680 1478 712 1525 ξ.
781 1480 825 1517 6.

274 1563 441 1605 Pluribus
480 1561 631 1602 forsitan
683 1560 873 1615 exemplis
923 1561 1154 1614 supersedere
1206 1560 1390 1616 postem„

126 1627 176 1667 ast
211 1639 259 1666 ne
292 1628 378 1678 quid
400 1625 579 1663 intactum
601 1625 831 1675 relinquam,
865 1627 968 1675 quod
1005 1625 1227 1664 sententiam
1258 1637 1388 1664 meam

127 1689 355 1729 confirmare
408 1686 545 1739 poffit,
589 1688 768 1727 nonnulla
811 1686 880 1726 alia
914 1688 1095 1740 exempla
1129 1687 1386 1739 luppeditabo.

130 1751 213 1802 Fig.
250 1754 290 1789 6.
327 1749 414 1789 sistit
450 1762 619 1788 marmor
650 1752 798 1802 egregie
850 1761 900 1789 ex
934 1762 1010 1789 vno
1059 1750 1176 1789 latere
1211 1750 1389 1803 politum,
1407 1735 1579 1796 ΤἎΡΧῙῘ·

129 1815 268 1861 viride,
303 1811 480 1851 trochleis
510 1812 647 1850 coloris
688 1813 865 1852 incarnati
906 1822 944 1852 et
993 1812 1198 1853 Entrochis
1228 1815 1392 1855 eiusdem
1419 1787 1492 1836 F¹g'
1518 1796 1554 1865 ⁶f

129 1878 267 1917 coloris
299 1877 609 1914 condecoratum.
679 1874 765 1914 Hoc
798 1887 969 1915 marmor
1001 1888 1074 1916 vna
1104 1878 1284 1917 duntaxat
1304 1879 1389 1918 vice

131 1952 252 1993 prope
303 1937 465 1979 Suckow
517 1939 555 1977 in
611 1937 783 1978 Marchia
839 1938 1012 1979 Vkerana
1064 1949 1254 1994 repertum
1308 1940 1389 1981 fuit.

130 2002 225 2043 Icon
258 2014 385 2042 veram
421 2002 721 2054 magnitudinem
757 2002 831 2041 eius
864 2003 1058 2043 monstrat.
1127 2004 1199 2044 Hic
1218 2004 1329 2056 igitur
1347 2016 1388 2045 a.

131 2065 313 2106 trochleas
347 2066 563 2118 petrefac‘tas
592 2075 630 2105 et
662 2065 1020 2119 perpendiculariter
1050 2066 1213 2107 dissectas
1244 2067 1356 2107 offert
1375 2097 1389 2120 ,

131 2142 287 2183 quarum
327 2129 498 2169 lamellae
554 2130 761 2170 incarnatae
787 2162 798 2179 ,
855 2130 1046 2170 interstitia
1104 2130 1238 2169 viridia
1296 2131 1389 2169 sunt.

133 2192 169 2250 bf
202 2191 281 2235 sunt
314 2185 514 2236 trochleae*
536 2192 827 2236 horizontaliter
857 2193 1043 2251 diffee‘tae5
1093 2207 1129 2251 ὃ,
1162 2193 1215 2237 est
1248 2194 1392 2236 Entro-

720 2253 758 2299 G
775 2269 800 2312 g
817 2269 841 2313 g
876 2270 898 2311 3
1304 2252 1393 2296 clius
