1972 2652
508 155 565 199 38
935 150 1049 201 »5253
1084 152 1099 202 >
1131 161 1157 190 0
1193 151 1209 200 (
1242 150 1357 203 &392⁴-

511 262 735 303 Parifienfis
766 273 871 303 anno
907 272 1043 313 1734.
1075 264 1234 304 Tamen
1275 263 1317 304 in
1353 266 1542 307 omnibus
1581 264 1645 307 his
1678 275 1767 306 me-

510 326 646 369 thodis
697 329 785 368 iure
832 328 958 368 adhuc
992 327 1201 371 mesu-{erar}
1237 330 1393 383 potest,
1426 332 1533 385 quod
1567 344 1647 373 non
1678 330 1767 370 satis

507 391 586 433 sint
619 394 825 446 expeditae
859 403 899 433 et
933 395 1169 434 commodae
1201 395 1342 446 quauis
1375 396 1573 437 occasione
1623 394 1765 435 celeri-

506 464 633 496 tatem
666 466 888 496 ventorum
922 458 1226 498 determinandi.
1292 459 1443 514 Scopus
1478 462 1607 514 igitur
1626 459 1763 500 differ-

507 521 670 560 tationis
704 522 755 562 est
791 524 1034 563 memorium
1077 524 1405 566 commodiorem
1449 535 1488 566 et
1538 524 1764 578 expeditio-

506 595 596 622 rem
629 584 827 624 exhibere.
896 589 962 625 Ad
996 592 1103 622 nunc
1144 588 1309 637 {copam
1355 590 1620 630 obtinendum
1669 598 1766 627 con-

505 644 647 686 iunxit
680 647 764 686 duo
799 647 1063 687 instrumenta
1097 646 1184 688 satis
1214 661 1296 689 iam
1333 660 1426 691 nota
1448 681 1459 701 ,
1493 650 1671 692 alterum
1713 650 1766 691 est

507 709 591 750 viri
626 710 875 750 celeberrimi
912 715 1115 764 quondam
1168 711 1354 763 Bouguerz·
1374 744 1386 762 ‚
1436 704 1614 755 alterum
1662 713 1765 754 cele-

505 773 674 814 berrimi
709 773 930 814 Smcatonii
965 772 1085 822 angli.
1140 773 1463 816 Listruruentum
1498 777 1683 831 Bougneri
1714 779 1767 820 est

507 838 754 893 descriptum
786 838 930 878 ineius
949 837 1120 878 tractatu
1153 840 1199 878 cle
1234 841 1342 891 naui,
1373 850 1414 880 et
1446 842 1500 882 est
1531 853 1767 882 anemome-

509 909 624 943 trum
666 902 976 953 ingeniofiffime
1023 904 1333 956 excogitatum,
1384 914 1424 945 et
1477 905 1766 960 fimpliciffime

509 966 750 1008 confectum.
818 966 1007 1008 Consistit
1040 966 1143 1009 illud
1177 970 1401 1019 gener-atim
1435 969 1476 1008 in
1511 971 1656 1012 elatere
1687 970 1768 1023 spi-

508 1023 596 1071 rali'
621 1031 718 1072 tubo
750 1030 904 1072 incluso
924 1064 936 1084 ‚
970 1030 1041 1084 qui
1072 1045 1094 1072 a
1128 1041 1253 1073 vento
1274 1065 1286 1085 ‚
1322 1034 1475 1073 maiore
1508 1044 1547 1075 et
1583 1036 1765 1084 minore,

509 1096 640 1147 magis
673 1096 883 1145 minusqus
917 1095 1073 1133 intrudi
1107 1094 1205 1131 solet
1226 1124 1237 1143 ‚
1272 1096 1301 1132 fi
1336 1097 1481 1134 scilicet
1516 1097 1684 1149 planum
1718 1106 1770 1134 ex

507 1157 647 1197 charta
669 1156 905 1203 ‚confectum
939 1154 1075 1193 elateri
1110 1155 1295 1194 adfixum
1317 1187 1329 1205 ‚
1370 1166 1493 1198 vento
1520 1160 1767 1199 obuertatur.

507 1221 585 1262 Sed
619 1231 750 1271 quum
785 1217 866 1256 fine
899 1215 1044 1268 figuris
1079 1216 1273 1257 structura
1327 1218 1450 1258 huius
1499 1222 1771 1262 anemometri

506 1283 695 1324 distincte
727 1279 903 1332 intelligi
935 1290 975 1320 et
1009 1280 1288 1334 repraesentari
1333 1292 1528 1338 nequeat:
1576 1285 1772 1326 lectorem

507 1348 556 1389 ad
589 1346 876 1401 inspiciendam
911 1344 1089 1396 figuram
1121 1347 1333 1386 remittere
1363 1349 1562 1400 cogimur.
1626 1349 1669 1391 Si
1689 1350 1771 1401 igi-

511 1420 582 1452 tur
616 1418 945 1451 anemometrum
982 1408 1061 1449 hoc
1104 1407 1396 1463 Bouguerianmn
1447 1411 1658 1453 celeritatis
1700 1414 1769 1454 ab-

505 1475 658 1518 solutae
692 1482 913 1514 ventorum
947 1473 1091 1524 gradus
1127 1475 1344 1515 monstrare
1378 1476 1518 1525 debet3
1552 1489 1654 1530 opus
1689 1477 1765 1528 est,

508 1549 556 1580 vt
588 1539 785 1579 celeritate
819 1538 972 1591 aequali
1005 1547 1044 1577 et
1076 1538 1273 1579 vniformi
1309 1550 1446 1580 contra
1480 1542 1615 1580 aerem
1648 1542 1765 1594 quie-

509 1612 604 1643 tum
648 1611 862 1644 moueatur
903 1610 943 1641 et
976 1599 1050 1641 hac
1085 1603 1237 1644 ratione
1271 1603 1494 1644 velocitatis
1526 1605 1670 1657 gradus
1710 1606 1763 1647 fi-

509 1666 603 1708 mul
635 1667 676 1705 in
711 1679 759 1707 eo
789 1666 933 1717 signari
964 1675 1123 1719 queant.

663 1728 806 1770 Motus
837 1728 1041 1768 circularis
1075 1730 1249 1768 Auctori
1282 1729 1348 1768 hic
1399 1731 1561 1770 videtur
1613 1731 1764 1786 aptissi-

511 1805 606 1833 mus
627 1824 638 1844 ,
669 1805 793 1845 quem
824 1805 901 1843 ope
936 1790 1145 1830 machinae
1163 1790 1383 1830 Smcatonii
1420 1792 1611 1833 facillime
1641 1794 1764 1849 perfi-

510 1867 599 1895 cere
635 1854 849 1893 existimat.
916 1851 1124 1904 Descripta
1157 1853 1210 1892 est
1244 1851 1339 1892 haec
1369 1855 1552 1894 machina
1575 1858 1666 1898 Vol.
1689 1858 1762 1909 LI,

512 1917 717 1958 Transac't.
748 1915 853 1967 angl.
938 1915 1040 1955 Vsus
1081 1916 1134 1956 est
1166 1927 1207 1954 eu
1241 1914 1430 1956 Smeaton
1463 1917 1662 1959 occasione
1691 1933 1764 1959 ex-

514 1983 844 2036 perimentorum
878 1977 981 2019 circa
1012 1992 1134 2033 aquae
1167 1990 1207 2020 et
1248 1981 1360 2021 venti
1403 1981 1510 2021 vires
1560 1982 1765 2024 instituto-

513 2058 624 2087 rum.
690 2044 778 2098 Ipsa
815 2041 997 2084 machina
1029 2044 1206 2085 distinc'te
1237 2056 1307 2098 per
1339 2044 1514 2096 figuram
1535 2047 1587 2087 est
1606 2059 1767 2101 reprae-

511 2111 658 2153 sentata
682 2139 694 2163 ,
727 2109 782 2150 ita
816 2117 863 2149 vt
896 2106 1089 2152 vlteriore
1117 2109 1204 2150 eius
1231 2109 1490 2166 descriptione
1524 2109 1593 2153 hic
1625 2112 1765 2166 super-

1636 2176 1765 2218 sedere
