1972 2652
585 199 679 251 2556
1006 183 1472 252 ἣέἓξζψ(0)ἦθὲἓθὲ·

586 299 1239 367 SIMILITVDINIS
1284 287 1845 363 EFFECTVVM

635 383 734 447 v1's
767 395 1225 445 MAGNETICAE
1258 398 1337 441 ET
1369 394 1801 451 ELECTRICAE
1864 387 1867 389 ’

896 474 1142 523 ΝοννΜ
1173 474 1531 523 SPEC1MEN.

1084 603 1335 648 Auelore

973 712 1026 759 F.
1057 711 1113 760 V.
1142 718 1195 760 T.
1227 713 1460 762 AEPINO.

587 777 930 920 Phaenomena
965 822 1136 863 elefflica
1179 817 1312 877 omnia
1359 821 1406 862 ad
1440 820 1543 861 binas
1575 819 1699 862 classes
1729 816 1846 874 redigi

720 885 825 939 posse
851 916 862 936 ‚
891 885 929 926 in
964 886 1177 927 Tentamine
1214 897 1307 925 meo
1348 883 1538 926 Theoriae
1587 884 1849 927 Elee'lricitatis

590 954 629 989 et
662 945 921 1001 Magnetismi,
939 950 1073 990 monui
1098 958 1205 1002 atque
1240 949 1406 1000 probaui.
1437 948 1524 988 Alia
1558 961 1700 1001 nempe
1730 949 1854 1001 phae-

591 1022 760 1051 nomena
792 1011 966 1051 elestrica
1001 1013 1165 1052 oriuntur
1197 1011 1244 1051 ab
1279 1012 1412 1052 aetuali
1452 1011 1556 1051 fluidi
1589 1010 1755 1052 electrici
1798 1022 1851 1051 ex

589 1083 672 1113 vno
702 1085 866 1125 corpore
900 1075 937 1113 in
969 1074 1068 1114 aliud
1104 1074 1258 1114 transitu
1281 1104 1294 1126 ,
1338 1074 1405 1113 alia
1427 1104 1438 1123 ,
1487 1074 1533 1113 ab
1567 1074 1718 1113 actione
1746 1073 1851 1114 fluidi

591 1134 705 1176 huius
755 1136 795 1174 in
850 1141 1011 1190 corpote
1061 1137 1224 1190 quodam
1274 1135 1461 1176 haerentis
1510 1136 1622 1177 vnice
1670 1138 1850 1191 pendent.

592 1198 658 1241 Ad
691 1198 860 1252 priorem
894 1198 1048 1240 classem
1082 1199 1252 1253 spectant
1283 1198 1477 1248 scintillae,
1510 1199 1853 1253 phaenomenaque

595 1261 771 1301 elearica
804 1262 989 1302 luminosa
1018 1263 1149 1302 omnia
1172 1294 1183 1313 ‚
1213 1261 1252 1300 in
1289 1261 1483 1313 posteriori
1515 1274 1643 1303 autem
1678 1274 1855 1316 compre·

595 1323 814 1363 henduntur
843 1325 1076 1364 attraffiones
1108 1335 1147 1364 et
1180 1323 1434 1377 repulsiones,
1473 1338 1494 1367 a
1526 1327 1748 1381 corponbus
1779 1326 1856 1366 ele·

595 1383 787 1428 c'trificatis
820 1386 992 1426 exerceri
1033 1386 1173 1426 solitae.

741 1448 1099 1489 Phaenomenorum
1155 1449 1455 1503 magneticorum
1505 1457 1544 1489 et
1592 1448 1857 1490 elestricorum

602 1510 930 1564 comparationem
981 1512 1181 1553 instituenti
1213 1512 1312 1552 mihi
1333 1543 1344 1561 ‚
1379 1525 1516 1565 magno
1546 1512 1622 1552 vsui
1660 1511 1725 1553 fuit
1764 1512 1858 1553 lucc

601 1573 805 1614 distinetio.
873 1574 965 1615 Eius
1011 1575 1113 1613 enim
1164 1585 1241 1626 ope
1290 1574 1410 1614 statim
1460 1573 1665 1613 discernere
1713 1575 1862 1626 potui,

598 1648 785 1690 quaenam
816 1636 1081 1691 phaenomena
1113 1636 1285 1676 elefflica
1319 1647 1363 1676 ea
1395 1635 1463 1676 smt
1486 1666 1498 1688 ‚
1547 1636 1585 1675 in
1623 1646 1713 1688 quae
1747 1634 1859 1689 suspi-

601 1701 668 1740 clo
699 1700 832 1740 cadere
867 1699 988 1752 potest
1007 1728 1018 1743 ,
1067 1701 1167 1753 quod
1199 1700 1299 1739 inter
1332 1699 1542 1751 magnetica
1568 1730 1581 1751 ‚
1612 1698 1732 1751 aliqua
1765 1699 1862 1738 den-

603 1770 663 1803 tur
682 1791 694 1806 ‚
728 1762 808 1815 ipsis
841 1761 1009 1815 analoga.
1083 1763 1246 1803 Euidens
1278 1773 1438 1815 namque
1467 1761 1520 1802 est
1541 1795 1552 1814 ,
1603 1772 1681 1801 non
1715 1761 1781 1803 nisi
1811 1761 1859 1801 de

603 1825 877 1881 phaenomenis
895 1859 909 1879 ,
940 1826 987 1866 ad
1031 1826 1280 1878 posteriorem
1325 1825 1475 1867 classem
1513 1826 1620 1879 supra
1658 1825 1858 1866 indicatam

607 1888 899 1943 pertinentibus,
944 1889 1200 1941 quaestionem
1233 1886 1367 1928 institui
1401 1890 1502 1941 posse
1522 1920 1534 1940 ‚
1584 1898 1692 1942 atque
1727 1888 1771 1929 de
1804 1887 1861 1929 his

610 1949 766 2003 quidem
789 1982 799 2001 ,
833 1952 904 1991 esse
934 1951 1009 2004 ipsa
1043 1950 1264 2004 magneticis
1294 1949 1479 1991 simillima
1504 1979 1517 2003 ,
1565 1951 1610 1991 ita
1663 1951 1865 1992 luculenter

528 2013 531 2016 ”
612 2023 677 2052 me
711 2012 879 2061 probasse
925 2015 1097 2054 existimo
1117 2041 1129 2065 ‚
1176 2023 1219 2053 vt
1250 2014 1312 2068 qui
1343 2015 1389 2053 de
1431 2015 1484 2054 rei
1519 2015 1675 2055 veritate
1711 2014 1868 2064 dubitet,

613 2074 662 2115 ad
696 2073 734 2113 T
738 2085 912 2114 entamen
954 2090 1085 2118 meum
1119 2070 1309 2119 Theoric'ze
1350 2075 1611 2120 Elechz'citatis
1642 2084 1679 2120 et
1710 2078 1871 2130 Magne-

616 2138 715 2183 tismi
730 2166 743 2183 .
784 2137 1008 2195 ablegandus
1037 2141 1280 2185 solummodo
1310 2140 1407 2185 mihi
1438 2142 1621 2185 videatur.

1788 2200 1871 2248 Etfi
