1972 2652
519 188 636 241 ’ξ’-ἓξ
666 185 680 243 )
713 198 741 226 0
774 187 790 235 (
824 185 944 238 &1⁶ss⁴-
1300 196 1356 238 59

99 298 254 343 {ionem
286 309 412 356 aeque
444 310 490 342 ac
539 299 588 342 ad
640 299 925 344 Emerfionem
973 309 1112 341 erutae
1162 299 1360 341 formulae

97 365 274 424 adaptari
307 366 482 410 debeant.

248 494 452 537 Absolutis
485 494 733 551 generalibus
767 495 962 537 descendit
995 493 1059 537 Cl.
1102 492 1260 535 Auctor
1310 491 1359 531 ad

97 556 275 612 specialia
298 591 310 612 ‚
344 572 445 614 quae
479 560 522 599 in
553 560 722 602 transitu
757 559 1014 603 Planetarum
1047 558 1117 600 sub
1149 557 1242 599 Sole
1284 566 1360 595 ve-

96 624 218 662 niunt
249 623 554 663 confideranda:
585 621 758 663 ostendit
786 620 865 662 scil.
901 633 979 675 qua
1012 621 1167 662 ratione
1199 619 1359 660 formu-

97 684 158 726 lae
198 685 246 727 ad
286 695 475 726 centrum
520 683 680 724 telluris
726 685 1024 724 accommodari
1073 683 1267 732 debeant,
1317 690 1361 723 et

93 750 351 790 determinari
393 753 540 799 queant
588 745 703 796 loci,
754 756 933 798 quorum
986 744 1087 785 alter
1139 745 1359 798 primum,

93 811 195 852 alter
228 812 426 852 vltimum
457 809 649 850 omnium
681 808 992 851 Immersionem
1038 817 1108 849 aut
1148 806 1361 850 Emerfio-

93 888 189 916 nem
221 875 470 930 conspiciunt
489 903 500 924 ‚
550 882 668 929 atque
718 874 863 915 indicat
914 873 1086 916 modum
1109 904 1120 926 ,
1152 874 1202 916 ad
1232 883 1359 928 quem

90 950 309 996 computus
339 935 662 982 commodissime
696 939 832 993 peragi
866 938 1014 980 debeat.

233 1071 441 1125 Quoniam
476 1068 594 1120 plura
628 1070 784 1122 semper
827 1073 972 1113 dantur
1013 1069 1238 1122 superficiei
1283 1067 1362 1110 tel-

94 1128 196 1171 luris
227 1132 374 1186 pumsta
407 1129 721 1172 Immerfionem
758 1131 840 1172 siue
874 1131 1156 1172 Emerfionem
1192 1130 1364 1171 Veneris

97 1196 240 1236 eodem
275 1204 460 1247 tempore
493 1192 776 1243 conspicientia
801 1221 812 1240 ‚
846 1193 984 1231 omnia
1017 1205 1117 1230 vero
1158 1192 1230 1230 fita
1272 1194 1363 1234 sunt

95 1258 138 1298 in
196 1255 351 1297 circulo
409 1255 586 1309 quodam
644 1254 686 1295 in
735 1254 942 1309 superficie
995 1253 1154 1295 telluris
1205 1253 1330 1295 ducto
1350 1285 1362 1307 ‚

92 1329 219 1374 pro-ut
254 1328 363 1375 patet
394 1331 445 1359 ex
489 1317 537 1358 iis
559 1347 570 1367 ‚
620 1329 720 1372 quae
751 1319 793 1359 in
827 1319 1029 1373 principio
1077 1316 1362 1360 dissertationis

91 1385 196 1425 dieta
229 1385 350 1435 sunt,
384 1381 448 1425 Cl.
469 1381 630 1423 Auctor
662 1384 831 1437 exponit
865 1384 1038 1425 modum
1072 1381 1242 1423 circulos
1284 1382 1361 1424 hos

90 1448 317 1501 designandi
353 1457 436 1489 tam
473 1447 513 1487 in
548 1444 669 1498 globo
706 1447 943 1500 artificiali,
982 1460 1106 1502 quam
1149 1447 1189 1487 in
1237 1447 1360 1501 plano

91 1512 386 1568 proieaionem
430 1511 591 1552 telluris
642 1510 864 1554 exhibente.
950 1511 1029 1554 Pro
1081 1511 1220 1567 primo
1268 1512 1358 1552 casu

89 1576 234 1618 definit
267 1576 413 1632 polum
446 1585 487 1617 et
521 1577 608 1616 eius
641 1577 868 1619 distantiam
903 1589 924 1617 a
960 1577 1180 1632 perimetro
1213 1576 1355 1618 circuli

89 1641 357 1692 describendi3
392 1653 468 1695 pro
501 1641 672 1683 secundo
705 1653 806 1684 vero
846 1642 962 1682 docet
1000 1641 1170 1682 artificia
1191 1672 1202 1691 ‚
1251 1653 1355 1692 quo·

91 1716 188 1745 rum
221 1719 299 1759 ope
331 1703 506 1746 circulus
541 1704 607 1744 hic
641 1707 682 1745 in
711 1706 1006 1757 proieffionem
1040 1703 1199 1745 telluris
1225 1710 1356 1743 trans-

90 1768 270 1807 ferendus
304 1769 358 1807 est
379 1797 389 1815 ‚
423 1775 542 1817 atque
577 1766 629 1803 fic
662 1766 822 1816 omnia,
857 1775 957 1819 quae
992 1767 1038 1806 ad
1070 1765 1211 1817 finem,
1229 1779 1354 1819 quem

92 1829 375 1883 proposuerat,
410 1827 669 1867 obtinendum
689 1828 854 1876 faciunt,
887 1826 950 1867 Cl.
973 1828 1131 1868 Aunor
1150 1828 1354 1870 absoluiss‘e

89 1893 143 1936 est
176 1889 469 1934 existimandus.
536 1887 865 1932 Differtationem
899 1890 998 1931 hanc
1050 1891 1138 1932 orbi
1189 1892 1353 1935 erudito

89 1965 246 2009 gratam
279 1964 320 1995 et
354 1962 555 2007 acceptam
590 1955 658 1996 vel
689 1955 780 1996 ideo
812 1955 993 1996 maxime
1042 1957 1126 1998 fore
1176 1955 1350 1997 confidi-

91 2032 213 2070 mus,
248 2020 355 2073 quod
389 2017 616 2073 peculiari,
650 2026 690 2058 et
724 2020 883 2073 prorsus
924 2032 1028 2061 noua
1079 2020 1235 2063 ratione
1281 2021 1350 2061 ab-

89 2085 255 2126 strusam
291 2083 393 2124 hanc
428 2081 630 2124 theoriam
664 2083 982 2137 pertractauerit.
1350 2074 1351 2077 ¹

689 2211 719 2254 h
755 2227 779 2254 2
1290 2213 1349 2258 11.
