1972 2652
302 234 304 236 ,
527 144 655 234 &naza
685 177 697 231 (
733 189 761 221 0
797 182 812 233 >
843 136 959 231 &aaa
1320 194 1375 235 51

344 282 396 342 Ε
448 281 501 345 L
552 287 604 346 E
655 286 725 347 M
776 288 828 347 E
880 287 937 348 N
989 286 1052 348 T
1105 288 1169 347 A

230 401 583 448 :CALCVLI
657 406 1264 452 VARIATIONVM.

647 535 859 577 Auctore

493 616 999 690 L.EVLERQ

239 794 289 822 ox
320 781 404 835 post
437 780 588 822 inuenta
622 781 756 822 calculi
787 778 1042 823 differentialis
1071 779 1254 838 principia
1286 784 1382 826 eius-

110 883 113 885 .
270 846 378 886 modi
411 844 647 898 problemata
682 846 829 886 tractari
860 847 940 887 sunt
969 857 1105 900 coepta
1127 876 1139 899 ‚
1174 859 1266 901 quae
1300 848 1381 902 pla-

114 921 161 948 ne
193 910 410 963 singularem
438 907 552 948 huius
590 908 727 949 calculi
780 909 1075 962 applicationem
1129 912 1378 964 requirebant.

113 969 216 1012 Cum
253 974 358 1012 enim
393 983 529 1012 munus
563 972 693 1012 calculi
727 972 976 1014 differentialis
1015 974 1055 1013 in
1103 973 1180 1014 hoc
1231 973 1380 1028 potiffi-

116 1047 222 1074 mum
256 1035 453 1084 consistat,
484 1043 527 1072 vt
561 1035 753 1087 proposita
784 1035 981 1076 functione
1015 1049 1229 1089 quacunque
1262 1049 1379 1090 quan-

114 1097 227 1136 titatis
261 1097 445 1137 variabilis
476 1108 504 1135 x
535 1098 608 1135 eius
639 1098 919 1137 incrementum
962 1099 1200 1151 inuestigetur
1219 1130 1230 1150 ,
1282 1100 1376 1140 dum

114 1160 294 1211 quantitas
345 1172 373 1199 x
419 1159 481 1198 suo
526 1158 765 1198 differentiali
818 1161 881 1200 dx
928 1160 1090 1200 crescere
1145 1161 1381 1205 aflumitur:

113 1223 352 1262 translatione
401 1223 445 1260 ad
494 1218 759 1260 Geometriarn
793 1221 889 1260 fasta
921 1222 956 1260 in
990 1232 1146 1274 promtu
1180 1235 1258 1265 erat
1288 1226 1374 1265 inde

109 1286 291 1324 linearum
327 1294 519 1324 curuarum
555 1291 751 1335 tangentes
784 1293 823 1323 et
873 1284 963 1337 ipfiis
1014 1296 1226 1326 curuaturas
1275 1287 1375 1328 defi-

108 1349 188 1387 nire
210 1373 222 1396 ,
273 1359 431 1399 quarum
467 1358 590 1385 rerum
628 1346 868 1400 inuestigatio
901 1349 1124 1388 immediate
1160 1361 1211 1389 ex
1244 1360 1372 1391 natura

106 1410 406 1451 differentialium
460 1409 654 1449 deriuatur.
751 1412 876 1451 Aliter
930 1423 1026 1451 vero
1066 1423 1287 1466 comparata
1320 1414 1372 1455 est

104 1475 202 1513 ratio
232 1474 421 1514 eiusmodi
459 1473 742 1526 problematum
763 1506 774 1527 ‚
827 1475 959 1529 quibus
990 1475 1279 1517 innumerabiles
1327 1477 1372 1518 li-

107 1549 199 1577 neae
229 1549 360 1578 curuae
390 1537 451 1578 sub
481 1537 656 1590 quapiam
689 1540 853 1590 generali
899 1540 1120 1593 aequatione
1171 1550 1371 1582 contentae

106 1610 401 1656 proponuntur,
435 1613 455 1642 a
490 1599 621 1653 quibus
656 1613 758 1642 arcus
789 1603 1024 1656 longitudine
1055 1604 1226 1657 aequales
1247 1631 1259 1653 ,
1295 1604 1370 1644 siue

104 1665 166 1716 qui
196 1676 216 1704 a
247 1665 351 1717 graui
382 1664 623 1705 descendente
658 1664 795 1705 eodem
849 1676 1029 1718 tempore
1075 1676 1335 1718 percurrantur
1355 1696 1368 1717 ‚

99 1726 260 1767 abscindi
291 1737 466 1778 oporteat
489 1756 500 1775 ,
549 1737 599 1763 ex
631 1739 708 1778 quo
741 1728 935 1777 posteriori
968 1739 1107 1779 genere
1160 1729 1366 1781 problema

99 1800 295 1829 curuarum
362 1787 656 1839 synchronarum
707 1788 759 1827 est
810 1799 954 1829 natum.
1054 1789 1099 1830 In
1151 1790 1211 1831 his
1261 1794 1364 1835 enim

102 1849 371 1905 quaestionibus
404 1863 478 1891 non
516 1860 595 1889 tam
648 1850 688 1891 id
741 1851 792 1891 est
847 1852 1091 1905 spectandum
1116 1883 1127 1901 ,
1183 1866 1364 1908 quantum

98 1916 374 1955 incrementum
411 1916 584 1967 cuiusque
619 1926 750 1954 curuae
797 1916 984 1969 applicata
1031 1917 1220 1969 accipiat,
1271 1919 1363 1960 dum

97 1980 243 2019 abscissa
277 1979 341 2018 suo
375 1975 607 2019 differentiali
640 1987 821 2034 augetur3
873 1992 983 2032 quarn
1005 2011 1015 2030 ,
1072 1991 1255 2033 quantum
1292 1983 1363 2023 siue

99 2051 253 2096 tempus
285 2041 467 2082 descensus
500 2053 568 2096 per
600 2043 761 2081 eundem
797 2043 992 2094 varietur,
1027 2043 1051 2083 fi
1081 2045 1155 2097 ipse
1187 2057 1289 2085 arcus
1325 2047 1363 2086 in

87 2105 162 2147 alia
217 2118 328 2146 curua
380 2105 560 2160 capiatur.
627 2105 737 2145 Talia
775 2106 1007 2158 problemata
1039 2119 1108 2162 per
1138 2107 1360 2149 differentia-
1411 2125 1416 2129 ·

722 2165 760 2210 G
796 2180 820 2207 2
1208 2172 1355 2212 tionem
