1972 2652
541 194 596 229 16
953 188 1068 241 “022³ss
1099 185 1112 245 )
1148 200 1176 230 0
1209 186 1222 244 (
1255 188 1371 240 ἔρξω

538 302 858 345 traieetoriarum
895 304 1195 358 reciprocarum
1217 337 1228 357 ‚
1261 305 1375 345 cuius
1405 301 1656 345 solutionesa
1674 302 1797 345 variis

539 369 786 410 Austoribus
822 367 997 421 prolatae
1040 370 1238 421 Analysm
1280 367 1537 410 infinitorum
1577 367 1798 410 clariffimis

539 434 713 473 inuentis
745 432 1055 486 locupletarunt.
1124 435 1281 476 Eodem
1315 445 1474 487 quoque
1513 433 1712 474 referenda
1745 432 1799 472 est

542 498 717 550 quaestio
748 499 963 550 catoptrica
995 500 1040 540 ab
1073 499 1160 553 ipso
1192 498 1373 539 Austore
1407 498 1530 538 huius
1561 497 1798 539 dissertatio·

541 562 602 599 nis
636 561 740 600 olim
771 560 934 602 euoluta
955 594 966 613 ,
1000 576 1077 616 qua
1111 564 1211 604 circa
1247 562 1448 618 punc'tum
1478 561 1660 602 lucidum
1692 561 1800 600 eius-

540 622 651 662 modi
685 621 789 659 linea
821 631 944 660 curua
976 624 1222 662 describenda
1261 628 1504 677 proponitur
1528 656 1539 675 ‚
1578 634 1625 665 vt
1664 633 1803 662 omnes

541 686 641 725 radii
676 684 722 724 ab
753 683 822 724 ista
857 695 981 723 curua
1013 686 1070 724 bis
1101 685 1239 724 reflexi
1274 687 1314 725 in
1349 686 1482 739 ipsum
1517 687 1716 739 pumirum
1734 685 1801 725 lu-

545 750 684 789 cidum
736 757 1030 789 reuertantur:
1077 749 1124 793 *in
1174 759 1252 801 qua
1301 749 1527 800 quaestione
1575 749 1803 789 resoluenda

542 813 714 854 omnino
749 810 895 851 necesse
935 813 1020 862 est,
1062 822 1108 852 vt
1148 812 1237 852 bina
1282 810 1401 851 simul
1434 824 1581 858 curuae
1621 813 1768 866 punita
1793 843 1803 863 ‚

542 879 585 917 in
630 876 773 931 quibus
812 876 983 929 quilibet
1023 877 1155 916 radius
1203 875 1455 928 refledtitur‚
1507 878 1548 916 in
1600 875 1804 916 calculum

543 942 879 992 introducantur3
915 952 1016 996 quae
1051 942 1138 982 bina
1170 940 1318 995 pune'ta
1355 943 1407 981 ita
1442 943 1546 981 inter
1578 941 1613 980 se
1646 940 1718 981 effe
1739 952 1804 981 re-

544 1004 623 1044 lata
659 1004 910 1045 maniststum
944 1006 998 1047 est
1025 1037 1035 1056 ,
1072 1015 1117 1046 vt
1154 1006 1257 1047 inter
1290 1008 1326 1045 se
1358 1006 1700 1060 permutationem
1735 1004 1804 1046 ad-

544 1070 722 1110 mittant.
804 1069 914 1111 Cum
955 1071 1084 1121 igitur
1125 1068 1359 1110 huiusmodi
1402 1070 1646 1121 quaestiones
1686 1068 1807 1118 longe

544 1132 667 1172 aliam
708 1131 885 1171 soluendi
936 1131 1179 1168 methodum
1219 1130 1456 1179 requirant,
1509 1141 1551 1166 ac
1591 1128 1810 1179 questiones

545 1195 693 1245 prioris
725 1194 909 1241 generis,
951 1191 1017 1228 vbi
1055 1191 1223 1228 Vnicum
1258 1200 1406 1229 curuae
1442 1190 1642 1242 pune‘tum
1677 1191 1806 1231 confi-

546 1253 692 1296 der-affe
726 1254 897 1305 sufficit,
934 1253 1090 1293 Auc'tor
1122 1253 1217 1293 hinc
1252 1254 1348 1293 duas
1380 1252 1511 1292 classes
1529 1255 1806 1307 quaestionum

549 1320 595 1359 ad
647 1318 890 1359 methodum
943 1317 1199 1368 tangentium
1256 1317 1452 1358 inuersam
1515 1319 1807 1370 pertinentium

546 1383 780 1423 constituit:
834 1382 961 1435 iisque
1003 1382 1098 1422 adeo
1142 1383 1182 1422 in
1223 1380 1294 1421 hac
1336 1380 1602 1422 differt-atione
1643 1383 1808 1422 tertiam

548 1446 706 1486 classem
751 1447 937 1498 adiungit
962 1475 972 1495 ,
1028 1457 1130 1499 quae
1174 1446 1370 1486 eiusmodi
1408 1447 1806 1498 quaestiones-com-

549 1510 741 1565 plee'titur
763 1541 773 1559 ‚
815 1512 856 1550 in
889 1509 1030 1563 quibus
1072 1508 1195 1550 simul
1229 1511 1274 1551 ad
1319 1509 1625 1550 innumerabilia
1659 1523 1807 1550 curuae

549 1575 695 1628 punita
723 1605 734 1624 ‚
767 1587 868 1627 quae
903 1582 1014 1613 certo
1046 1575 1223 1627 quodam
1257 1575 1381 1614 modo
1412 1576 1515 1614 inter
1546 1575 1583 1614 se
1620 1574 1806 1616 cohaere-

548 1647 650 1689 ant,
702 1638 838 1691 respici
883 1646 1056 1691 oportet.
1140 1638 1348 1692 Quoniam
1398 1640 1525 1689 igitur
1574 1637 1809 1680 huiusmodi

551 1702 797 1756 quaestiones
832 1701 1072 1742 methodum
1107 1701 1265 1753 prorsus
1301 1702 1545 1753 peculiarem
1588 1703 1809 1756 postulant,

554 1778 675 1818 quam
712 1766 872 1804 Auctor
906 1767 944 1804 in
984 1763 1056 1804 hac
1097 1764 1362 1805 differ-tatione
1400 1765 1570 1804 dilucide
1608 1767 1776 1817 exponit
1798 1796 1810 1815 ,

549 1830 716 1878 eiusque
748 1827 953 1866 eximium
987 1826 1104 1863 vsum
1140 1826 1181 1863 in
1224 1826 1348 1864 variis
1391 1827 1706 1878 problematibus
1730 1829 1809 1869 sol-

552 1890 688 1931 vendis
732 1889 931 1940 ostendit,
984 1887 1147 1926 nullum
1194 1887 1310 1940 plane
1360 1889 1413 1928 est
1461 1888 1664 1938 dubium,
1710 1892 1809 1943 quin

552 1955 645 1995 haec
689 1953 908 2007 speculatio
966 1950 1135 2004 Analyfi
1179 1951 1375 2005 insignem
1420 1953 1722 2007 promotionem
1762 1954 1811 1995 fit

552 2017 734 2061 allatura.
