1972 2652
583 295 674 336 400
952 273 1450 322 HISTORIA

583 395 736 447 quidem
772 388 992 430 nubeculam
1025 387 1203 441 exiguam
1239 400 1290 428 ex
1330 388 1421 429 albo
1461 385 1720 429 flauescentem
1773 386 1862 430 ob·-

581 459 718 499 seruare
751 452 890 506 posui,
923 462 959 491 et
990 464 1076 492 cum
1119 451 1189 491 fille
1238 452 1345 492 alc-ali
1397 451 1539 491 volatili
1590 451 1698 504 plane
1745 451 1841 493 nihil

580 522 731 560 fundum
769 515 932 568 petebat.
1000 513 1074 555 Sed
1110 527 1157 554 ne
1191 516 1270 567 quis
1301 516 1584 568 miretur,quod
1621 515 1762 555 nullum
1790 514 1843 554 fe-

581 594 621 622 re
655 579 717 619 sub
750 579 819 618 hac
853 579 1074 632 operatione
1119 579 1407 630 praecipitatum
1459 579 1702 631 apparuerit,
1753 579 1840 618 scitu

580 645 654 684 erit
684 651 975 695 opportunum,
1030 641 1204 681 lixiuium
1250 639 1426 693 sanguinis
1459 642 1584 681 bonini
1631 653 1721 680 cum
1772 640 1841 681 sale

579 706 682 747 alcali
715 705 800 745 fixo
831 705 1001 744 calcinati
1023 732 1033 746 ‚
1067 704 1130 742 vel
1163 703 1427 743 minutiffimns
1460 707 1587 744 martis
1619 713 1741 756 partes
1759 716 1842 745 rna-

583 770 775 817 infestare,
797 780 892 820 quae
915 768 1000 807 alias
1019 768 1085 807 vix
1115 777 1157 805 ac
1176 777 1223 805 ne
1244 768 1310 806 vix
1341 766 1491 819 quidem
1526 767 1646 821 detegi
1675 768 1840 820 poss‘unt.

731 839 884 880 Notum
918 840 1064 894 iusuper
1094 838 1145 877 est
1185 834 1391 888 Zincum,
1431 846 1595 879 martem
1641 841 1680 879 in
1730 840 1843 880 acidis

582 902 744 944 solutum
767 934 779 952 ,
814 903 852 941 in
885 902 1006 944 forma
1038 900 1223 942 metallica
1257 901 1502 955 praecipitare
1523 930 1534 949 ‚
1568 910 1612 940 vt
1645 902 1758 954 igitur
1784 902 1843 941 ni·

581 966 639 1007 hil
668 967 894 1006 intentatum
931 967 1190 1018 relinquerem,
1209 973 1250 1004 et·
1267 965 1342 1005 hoc
1361 965 1689 1018 experimentum,
1709 977 1840 1018 quam·

577 1030 635 1068 vis
668 1029 797 1069 frustra
822 1061 834 1080 ,
875 1031 912 1068 in
947 1030 1138 1070 subfidium
1178 1029 1313 1068 vocaui
1335 1059 1345 1076 ‚
1385 1039 1438 1066 ex
1472 1040 1546 1079 quo
1579 1029 1654 1068 stitis
1684 1028 1842 1080 constat,

585 1092 694 1131 acido
729 1091 918 1130 vitriolico
950 1104 1024 1130 nou
1056 1090 1124 1132 nisi
1165 1102 1302 1144 parum
1352 1089 1545 1132 efficaciae
1586 1092 1625 1133 in
1674 1091 1838 1146 lapidem

577 1153 744 1194 nostrum
779 1153 886 1193 tribui
932 1154 1047 1207 poffe„

724 1341 885 1384 Acidum
905 1339 1005 1395 salis
1034 1346 1222 1386 communis
1251 1345 1384 1400 optime
1435 1342 1676 1394 redlficatum
1726 1343 1841 1399 lapidi

582 1402 707 1442 «trudo
750 1405 973 1455 puluerisato
1019 1406 1170 1444 affusum
1229 1420 1318 1446 cum
1368 1407 1588 1447 ebulhtione
1642 1409 1841 1460 quadam,

587 1478 675 1505 eum
709 1466 986 1518 aggrediebatur
1006 1496 1017 1518 ‚
1037 1476 1076 1505 et
1110 1465 1191 1518 plus
1222 1480 1332 1519 quam
1365 1470 1514 1508 acidum
1537 1469 1679 1508 vitriuli
1711 1480 1842 1508 extra-

585 1527 733 1581 hebat,
767 1529 818 1568 ita
850 1538 994 1578 tamen,
1023 1536 1065 1567 vt
1098 1529 1262 1581 plurima
1294 1541 1345 1569 ex
1381 1539 1486 1582 parte
1518 1529 1696 1569 intaetum
1724 1530 1844 1570 relin-

578 1599 739 1643 queret3
774 1591 977 1630 drachmae
1015 1591 1116 1630 enim
1167 1593 1261 1631 duae
1311 1593 1445 1645 lapidis
1475 1592 1640 1644 repetitis
1691 1593 1835 1632 vicibus

577 1665 667 1692 cum
701 1651 775 1692 hoc
818 1654 925 1693 acido
957 1655 1112 1706 infusae,
1144 1655 1269 1706 postea
1305 1666 1399 1694 vero
1433 1653 1500 1692 rite
1535 1652 1768 1692 edulcoratae
1796 1663 1836 1694 et

577 1715 730 1756 ficeatae
754 1747 766 1769 ,
821 1728 894 1756 non
944 1717 1008 1757 nisi
1061 1728 1176 1769 grana
1230 1717 1289 1757 sex
1343 1717 1522 1770 ponderis
1552 1715 1601 1754 sui
1630 1714 1839 1756 amiserant.

578 1777 779 1820 Extraffio
809 1789 885 1820 erat
923 1779 1063 1819 coloris
1096 1780 1182 1820 flaui
1206 1812 1217 1832 ‚
1274 1789 1312 1819 et
1352 1792 1438 1820 cum
1474 1778 1577 1818 Oleo
1610 1779 1736 1817 tartari
1769 1791 1836 1830 pet

578 1841 784 1895 deliquium
805 1841 971 1893 confusa,
1006 1843 1148 1882 flauum
1178 1843 1381 1883 exhibebat
1401 1842 1703 1895 praecipitatum.
1735 1838 1837 1882 Cum

577 1904 711 1944 lixiuio
745 1915 872 1946 autem
906 1905 1087 1959 sanguinis
1121 1907 1249 1946 bouini
1284 1905 1591 1958 elegantiffimum
1621 1905 1838 1946 coeruleum

580 1978 758 2021 praeceps
775 1968 872 2019 ibat,
892 1970 1015 2021 quoad
1034 1971 1203 2010 colorem
1225 1970 1409 2009 saturatius
1428 1981 1496 2018 e0,
1513 1970 1612 2021 quod
1633 1969 1666 2016 ξ.
1689 1980 1836 2021 praece·

580 2029 693 2068 dente
714 2033 1030 2072 commemoraui.
1074 2033 1186 2085 Lapis
1206 2031 1405 2072 calcinatus
1424 2044 1511 2071 cum
1532 2031 1606 2071 hoc
1626 2033 1736 2072 acido
1753 2042 1838 2072 ten-

581 2091 749 2144 tabatur,
781 2105 899 2145 neque
917 2106 1045 2136 tamen
1064 2109 1150 2137 cum
1171 2095 1247 2135 hoc
1265 2096 1373 2135 acido
1389 2094 1599 2143 ebulliebat,
1624 2107 1744 2148 neque
1766 2095 1836 2136 alia

581 2152 771 2194 solutionis
802 2155 934 2195 indicia
967 2159 1123 2211 edebat,
1157 2158 1313 2199 interim
1351 2168 1475 2200 tamen
1507 2159 1701 2200 nonnullas
1714 2152 1839 2211 'partes

582 2216 774 2260 martiales
824 2226 1036 2261 extraxerat
1061 2254 1074 2278 ‚
1124 2223 1162 2264 id
1213 2222 1314 2276 quod
1362 2222 1648 2277 praecipitatum
1699 2220 1835 2274 pallide

1701 2291 1835 2322 coeru-
