1972 2652
579 147 695 200 -εεεε
727 151 743 200 ›
775 159 804 189 0
837 146 854 196 <
885 146 1003 199 ze<-
1359 157 1417 193 σι

741 262 836 305 ΙΙΙ.

164 350 263 414 De
293 351 524 413 Venere
578 353 637 414 in
689 353 820 415 Sole
876 353 988 413 visa
1032 354 1213 415 Anno
1260 357 1425 434 1761..

458 437 515 497 d.
563 441 624 501 6.
673 442 818 500 Iunii
857 442 938 500 St.
987 459 1118 499 nOU.

282 554 551 615 Auctore,-
587 545 669 615 G.
708 555 941 616 Heinsio
983 579 1114 638 pag.
1161 576 1300 636 473.

157 692 234 811 In
273 702 548 744 obseruatione
589 700 779 739 rarissimi
822 698 947 738 huius
996 700 1265 754 phaenomeni
1306 712 1423 754 pera-

239 765 364 816 genda
386 793 398 814 ,
431 765 573 806 eodem
609 763 976 803 instrumentorum
1010 775 1229 818 apparatu,
1262 766 1423 805 eadem-

156 840 235 882 que
270 828 469 870 methodo
498 827 590 867 vsus
617 827 673 868 est
713 827 777 869 Cf.
820 827 1013 879 Auctor,
1056 842 1180 883 quam
1224 830 1265 870 in
1310 827 1419 871 Nou.

156 891 321 935 Comm.
358 894 502 934 Tomo·
534 891 612 933 VI.
641 892 845 934 occasione
878 893 1076 934 Mercurii
1110 895 1152 934 in
1187 893 1279 935 Sole
1299 893 1424 934 Anno

158 967 294 1008 ¹753.
329 958 376 999 ab
407 959 548 999 eodem
586 956 743 1011 Lipsiae
776 957 973 998 obst-mati
994 990 1010 1011 ‚.
1046 958 1312 1012 copiosissime
1348 969 1424 998 ex-

158 1024 301 1075 posuit.
368 1023 417 1064 In
450 1020 773 1063 conclusionibus·
802 1034 901 1062 vero
931 1035 982 1063 ex
1016 1024 1231 1065 obseruatis
1258 1022 1336 1063 suis
1353 1023 1423 1062 de-

158 1085 380 1134 ducendis,
429 1087 471 1122 in
513 1084 653 1122 locum
695 1085 1006 1123 constructionis
1034 1086 1313 1127 Geometricae
1348 1085 1424 1126 ibi-

157 1146 250 1188 dem
302 1147 502 1195 ῐτ·1άίτειε,.
545 1141 766 1184 reeciffime
810 1146 1020 1188 calculum
1071 1148 1144 1190 hic
1190 1148 1422 1217 substituere

155 1209 322 1268 maluit,

307 1271 405 1314 Non
439 1269 520 1311 fine
554 1269 710 1312 ratione
745 1269 810 1313 Cf.
846 1270 1004 1313 Auctor
1032 1273 1073 1313 in
1102 1270 1243 1314 limine
1276 1274 1324 1314 de
1359 1276 1422 1316 in

154 1338 388 1391 tempestiua
422 1335 520 1376 caeli
554 1336 651 1376 facie
691 1337 982 1390 conqueritur:
1037 1337 1148 1379 Nam
1192 1337 1220 1378 sl
1262 1339 1421 1389 caelum

155 1401 304 1443 fiueret
328 1434 338 1453 ,
391 1414 461 1456 per
503 1400 714 1442 bihorium
756 1410 795 1441 et
841 1400 1020 1457 amplius
1060 1415 1081 1443 a
1116 1402 1196 1444 sole
1228 1414 1325 1444 orto
1355 1406 1421 1444 iu-

155 1468 395 1510 cundissimo
439 1465 664 1520 spectaculo
712 1467 792 1507 frui
840 1465 905 1506 illi
949 1465 1158 1519 licuisset,
1204 1479 1421 1522 antequam

154 1532 254 1572 tubo
286 1532 555 1574 astronomico
588 1532 653 1572 sex
688 1530 802 1586 pedes
837 1529 962 1583 longo
997 1530 1136 1580 libellar
1174 1540 1216 1572 et
1248 1532 1421 1574 reticulo

157 1595 380 1647 instructo,
428 1596 633 1636 Venerem
655 1626 666 1645 ‚
715 1603 768 1636 vt·
804 1595 992 1636 semitam
1032 1598 1124 1637 eius³
1160 1606 1419 1651 apparentem

156 1659 372 1711 definiret,
423 1661 562 1699 venari
604 1659 777 1712 cepisset.
861 1660 1060 1701 Institutis
1099 1673 1251 1700 nouem
1294 1661 1420 1700 huius

157 1723 303 1763 indolis
335 1723 678 1764 obseruationibus
700 1751 715 1768 ‚.
747 1734 846 1760 cum·
889 1723 1026 1760 Venus
1071 1721 1286 1763 emerfioni
1323 1736 1422 1778 pro-

158 1786 307 1838 pinqua
348 1786 429 1824 iam
471 1783 604 1830 foret,
648 1781 902 1834 praeparauit
944 1783 1017 1824 sese
1058 1782 1121 1824 Cl.
1174 1786 1334 1828 Auctor
1372 1787 1421 1829 ad

158 1848 362 1888 contaetus
409 1844 671 1886 obseruandos
712 1845 809 1884 tubo
850 1842 1106 1896 Gregoriano
1150 1857 1220 1895 52.
1265 1851 1420 1891 vicibus

156 1910 306 1952 obiecta
339 1906 635 1961 amplificante,
658 1917 777 1961 atque
811 1908 1029 1950 incredibili
1065 1912 1213 1952 mentis
1247 1922 1287 1953 et
1320 1926 1419 1955 ocu-

155 1974 296 2015 lorum
325 1972 530 2014 celeritate
562 1973 878 2014 obseruationem
915 1972 1016 2014 hanc
1051 1976 1248 2027 perfecit:
1286 1977 1420 2031 pluri·-

157 2051 224 2079 ma
256 2039 407 2078 etenim
450 2047 658 2078 momenta
701 2036 940 2092 paucissimis
979 2037 1153 2082 secundis
1193 2041 1267 2083 sese
1306 2043 1419 2084 exci-

157 2103 307 2159 pientia
336 2102 573 2144 obseruauit.

727 2164 757 2206 h
794 2177 823 2215 a
1297 2171 1416 2214 Dum
