1972 2652
594 215 685 254 310
865 199 1118 250 CALORIS
1148 197 1569 251 PRAENOMENA

587 316 828 372 perhibentur
856 346 868 369 ,
904 315 1059 366 sigoleis
1093 315 1336 364 essentialibus
1368 318 1587 359 adfundatur
1616 313 1760 371 spiritus
1790 315 1860 357 vi-

591 382 643 432 ni,
676 380 875 433 praecipue
907 378 1239 421 reffificatiffimus.
1302 381 1498 438 Quoniam
1529 392 1656 422 autern
1689 381 1759 420 viri
1792 392 1858 419 ce·

586 442 778 483 leberrimi
813 473 823 492 ‚
872 451 909 481 et
944 443 982 481 in
1017 452 1095 481 arte
1130 445 1456 495 experimentandi
1485 444 1747 497 versatissimi,
1781 442 1857 482 hoc

588 505 860 545 adfirmatum:
895 506 1161 558 experimenta
1195 508 1305 546 omni
1336 520 1421 548 cura
1455 517 1493 547 et
1524 507 1718 559 diligentia
1751 517 1858 558 repe·

590 568 702 608 tenda
761 566 881 607 censui
909 599 919 619 ,
970 575 1015 607 vt
1040 599 1052 621 ,
1093 567 1120 608 s1
1158 569 1431 619 quodvitiurn
1464 569 1709 622 subreptionis
1742 568 1806 609 vel
1837 579 1859 608 a

591 643 686 684 me,
718 629 784 671 vel
816 630 864 671 ab
895 629 999 680 alin,
1028 629 1274 672 cornmiffum
1310 630 1403 672 effet
1424 662 1438 688 ‚
1471 633 1720 685 detegeretur.

736 753 883 796 Institui
915 756 1182 811 experimenta
1214 770 1305 798 cum
1339 757 1473 797 multis
1523 757 1616 797 oleis
1664 755 1865 797 effentiali-

594 820 663 861 bus
704 819 802 872 puris
832 819 1080 861 destillatione
1114 820 1274 872 paratis,
1323 832 1419 873 quae
1450 820 1496 859 ad
1545 831 1674 860 manus
1721 820 1864 859 idcirco

593 893 698 924 erant
724 910 736 925 .
768 883 950 934 quoniam
995 883 1033 923 in
1070 884 1115 923 iis
1147 884 1233 936 cepi
1265 882 1529 936 experimenta
1562 884 1608 923 ad
1630 883 1865 935 cognoscen-

596 947 715 996 dum,
746 953 893 998 Vtrum,
926 956 965 987 et
998 958 1114 999 quae,
1149 946 1402 997 gelascerent,
1436 947 1499 986 vel
1529 945 1666 999 frigore
1687 944 1862 995 naturali,

597 1009 661 1050 vel
697 1007 835 1058 frigore
868 1009 1086 1057 artificiali,
1139 1009 1186 1047 de
1222 1021 1299 1060 quo
1331 1008 1429 1049 alias.
1494 1009 1593 1049 Olea
1628 1009 1866 1048 nominatim

596 1080 702 1111 erant
739 1068 1037 1111 Terebintliinae
1057 1097 1069 1119 ‚
1107 1070 1310 1114 Menthae‚
1345 1069 1476 1118 Carni,
1510 1070 1699 1110 Foeniculi
1719 1102 1731 1122 .‚
1764 1071 1868 1111 Ani-

601 1134 642 1185 ᾗ,
673 1134 817 1177 Ruta&
846 1132 995 1186 Serpilli
1028 1143 1067 1172 et
1102 1132 1168 1173 alia
1193 1164 1204 1183 ‚
1236 1133 1354 1172 etiam
1387 1131 1561 1175 Succini,
1605 1144 1702 1185 quae
1731 1133 1864 1174 omnia

599 1197 637 1236 in
673 1195 845 1237 medium
879 1196 1009 1237 afferre
1039 1196 1136 1236 nihil
1165 1195 1331 1250 attinet,
1389 1208 1503 1250 quum
1554 1205 1709 1237 euentus
1758 1194 1866 1237 fuerit

599 1261 718 1303 idem.
1832 1258 1834 1261 ’

752 1324 807 1364 Vt
839 1324 933 1364 haec
964 1323 1227 1378 experimenta
1256 1335 1369 1377 quam
1403 1323 1670 1366 adcuratiffime
1710 1322 1870 1378 caperess

602 1396 713 1429 mus,
766 1399 928 1426 omnem
964 1398 1121 1440 operam
1153 1386 1387 1426 adhibuimus
1418 1397 1456 1425 et
1505 1387 1739 1440 diligentiam
1763 1414 1773 1429 ,
1821 1394 1867 1425 vt

600 1450 810 1503 temperies
867 1449 999 1489 endem
1051 1449 1214 1501 omnino
1255 1458 1294 1487 et
1325 1448 1513 1488 conclauis
1540 1457 1578 1487 et
1610 1448 1755 1501 spiritus
1786 1445 1867 1487 vini

607 1522 645 1550 et
677 1513 752 1552 olei
788 1511 874 1551 effet
893 1544 904 1562 ‚
947 1511 985 1551 id
1018 1511 1119 1564 quod
1151 1514 1191 1551 in
1224 1511 1409 1551 eiusmodi
1444 1511 1647 1563 liquoribus
1678 1521 1754 1550 non
1787 1517 1867 1548 tam

605 1573 715 1614 facile
759 1573 921 1614 obtineri
955 1574 1085 1627 posse,
1134 1574 1274 1627 saepius
1322 1573 1559 1626 experientia
1610 1583 1675 1611 me
1724 1572 1864 1611 docuit.

608 1635 715 1677 Nam
752 1637 833 1677 olea
865 1647 903 1676 et
936 1636 1080 1690 spiritus
1101 1667 1112 1688 ,
1164 1635 1362 1689 quamuis,
1400 1646 1479 1673 non
1513 1646 1580 1687 pet
1610 1643 1730 1672 vnum
1764 1632 1869 1672 diem

607 1698 725 1740 solum
751 1726 763 1750 ‚
797 1699 856 1739 sed
890 1711 958 1752 per
992 1699 1115 1753 plures
1148 1700 1280 1749 etiam,
1316 1698 1354 1737 in
1385 1697 1525 1737 eodem
1558 1690 1726 1735 conclaui
1758 1693 1872 1734 stete-

607 1763 678 1803 rint
704 1777 716 1816 ·,
752 1772 881 1803 tamen
912 1774 992 1802 vno
1023 1763 1215 1816 alteroque
1246 1760 1361 1813 gradu
1392 1759 1527 1800 caloris
1565 1758 1712 1799 differre
1760 1768 1871 1798 com·

612 1826 702 1877 peri.
786 1825 891 1882 Quin
923 1826 1129 1865 cauendum
1174 1835 1321 1878 quoque
1353 1823 1425 1873 est,
1456 1835 1504 1863 ne
1537 1822 1619 1863 loca
1650 1819 1837 1863 conclauis
1857 1848 1872 1872 ,

611 1888 675 1926 vbi
709 1889 972 1941 experimenta
1003 1888 1256 1937 instituuntur,
1284 1894 1587 1927 commutentur.
1653 1884 1761 1927 Nam
1803 1881 1874 1924 dif—

613 1949 771 1990 ferentia
822 1951 954 1991 caloris
1003 1950 1151 2004 insignis
1197 1961 1274 1990 non
1305 1948 1424 1990 solum
1458 1948 1748 2003 deprehenditur
1776 1947 1873 1987 inter

613 2011 692 2051 loca
745 2014 931 2064 luperiora
976 2023 1014 2054 et
1046 2013 1217 2054 inferiora
1245 2012 1458 2065 conclauis,
1509 2012 1568 2052 fied
1620 2013 1657 2052 in
1706 2009 1874 2050 eiusdem

550 2091 554 2095 ·
618 2086 770 2127 quoque
801 2074 1003 2115 altitudinis
1036 2078 1125 2117 locis
1157 2076 1330 2127 diuersss,
1358 2085 1402 2115 vt
1436 2077 1471 2116 in
1510 2075 1639 2115 medio
1672 2071 1877 2123 conclaui,

615 2138 660 2179 ad
690 2137 861 2180 fenestras
893 2146 964 2179 etc.
1000 2139 1208 2183 differentia
1238 2139 1423 2182 obseruari
1454 2138 1548 2181 solet
1579 2149 1655 2180 non
1696 2143 1873 2237 con'teim·

1718 2206 1793 2241 nen
1821 2207 1840 2237 a
1859 2225 1872 2250 ‚
