1972 2652
594 197 708 248 »⁶025ss
741 195 756 254 )
790 209 818 238 0
854 194 868 252 (
901 195 1018 247 ἓὲ-ἐω
1383 198 1414 234 6
1420 206 1439 244 ς

174 319 274 351 rum
307 308 389 360 fit,
427 308 518 350 dein
560 308 761 363 integram
800 310 1005 352 theoriam
1040 307 1210 350 illustrat
1250 306 1441 361 exemplo

176 376 225 415 ad
267 373 562 415 obseruatorem
616 374 864 429 Lipfiensem
905 373 1117 428 applicato.
1199 371 1330 414 Pofita
1373 384 1444 425 pa-

175 436 321 478 rallaxi
353 437 446 485 'solis
486 432 579 477 10'l
610 448 650 478 et
684 438 840 479 ca'lculo
871 438 919 477 ad
955 436 1199 478 methodum
1218 435 1443 489 expositam

170 501 391 554 instrudtm
426 502 585 543 inuenit
611 502 768 557 L'rpfiae
794 505 844 544 ob
876 501 1102 555 parallaxin
1136 510 1324 539 centrum
1359 499 1445 538 Ve-

169 566 279 604 neris
318 560 360 602 1l
395 563 489 613 asss
521 568 642 606 citius
670 568 806 615 egredi
831 566 996 615 debere,
1031 575 1070 605 et
1088 565 1246 614 ingredi
1275 564 1322 601 6²
1346 556 1441 611 29⁰
1503 574 1508 578 ·

171 629 325 669 tardius
358 639 452 682 prae
484 628 735 669 obseruatore
769 627 812 668 in
846 635 987 669 centro
1029 625 1207 667 Telluris
1247 625 1443 666 constitu-

169 699 227 730 to.
296 691 476 732 Eandem
512 704 599 733 rem
633 690 830 743 praestitit
873 689 941 729 sub
972 689 1061 729 aliis
1102 701 1265 742 quoque
1300 687 1438 743 hypo-

162 752 350 797 thefibus.
963 769 970 775 ·

313 883 363 926 In
396 883 570 925 introitu
604 884 687 924 iam
723 883 785 927 Cl.
829 884 988 926 Auctor
1028 882 1192 924 monuit
1215 913 1227 933 ‚
1270 880 1425 923 multos

158 958 244 988 non
287 948 358 989 nifi
393 948 448 988 >ad
482 949 696 1003 primarios
737 949 899 991 effeetus
941 947 1188 1004 parallaxeos
1227 947 1329 987 circa
1364 948 1430 987 in⁴

160 1011 336 1063 gressum
371 1025 519 1067 nempe
557 1023 599 1053 et
631 1011 831 1065 egressum
871 1012 1095 1064 attendisse,
1143 1010 1324 1052 aliorum
1368 1020 1431 1049 ta-

161 1086 259 1113 men
292 1075 508 1114 effectuum
542 1078 711 1114 durante
743 1076 911 1115 tranfitu
953 1076 1313 1116 confiderationem
1351 1085 1432 1114 non

159 1135 274 1177 misse
335 1137 660 1190 postponendam.
762 1136 922 1177 Idcirco
973 1134 1169 1188 *expofitis
1228 1135 1429 1176 efleecibus

161 1199 204 1239 in
238 1201 410 1239 introitu
447 1207 488 1236 et
518 1199 632 1236 exitu
670 1196 839 1234 Veneris
881 1209 958 1251 pro
999 1197 1250 1235 obseruatore
1292 1198 1431 1251 Lipfi-

158 1260 240 1301 enfi
276 1260 451 1312 accingit
496 1258 570 1300 sese
604 1258 765 1299 Auctor
818 1258 864 1298 ad
911 1257 1152 1299 solutionem
1196 1258 1429 1312 problema-

160 1324 251 1365 tis:
317 1322 372 1365 ad
417 1322 548 1365 datum
597 1331 744 1378 tempus·
793 1322 948 1372 definire
1005 1321 1210 1374 positionem
1260 1332 1428 1364 mutuam

156 1388 282 1431 centri
333 1387 491 1428 Veneris
547 1389 584 1428 in
633 1386 767 1443 puncft'o
817 1387 937 1441 quuo
979 1386 1141 1441 kaitae
1184 1385 1281 1441 suae
1334 1387 1428 1427 hae-

157 1453 311 1503 rentis«,
345 1460 384 1492 et
419 1452 541 1492 centri
575 1451 679 1493 Solis
710 1464 735 1491 α
770 1451 857 1492 dato
889 1451 1122 1503 obseruatore
1155 1451 1194 1490 in
1225 1450 1346 1502 aliquo
1361 1452 1428 1506 β’-

157 1517 276 1557 mitae
295 1515 392 1570 suae
422 1514 631 1571 Ecliptt'cae
662 1514 735 1556 loco
766 1515 865 1567 vifi3
913 1525 953 1556 et
995 1524 1147 1554 retenta
1179 1515 1317 1554 eadem
1353 1528 1426 1568 pa-

155 1578 300 1619 -rallaxi
355 1578 460 1621 Solis
482 1611 493 1631 ‚
527 1580 667 1620 seriem
709 1579 898 1620 locorum
941 1580 1123 1620 semitam
1169 1579 1296 1618 centri
1340 1578 1426 1617 Ve-

157 1643 265 1684 neris
292 1642 550 1684 exhibentem
576 1645 617 1684 in
651 1644 820 1685 tranfitu
850 1656 919 1699 per
951 1644 1105 1685 discum
1131 1640 1238 1685 Solis
1266 1641 1424 1694 Lipfiae

157 1707 286 1747 visiun
318 1705 476 1748 calculo
506 1707 729 1757 inuestigat.

305 1829 491 1884 Impletis
527 1841 587 1877 42
626 1829 783 1881 paginis
818 1840 1106 1880 argumentum
1132 1829 1209 1871 hoc
1243 1831 1421 1883 specstan-

158 1896 262 1935 tibus
295 1893 358 1934 Cl.
395 1893 555 1934 Austor
593 1891 715 1932 filum
751 1893 980 1947 abrumpit,
1015 1894 1122 1935 idem
1158 1895 1198 1934 in
1231 1894 1308 1934 alia
1343 1895 1420 1934 dis-

154 1958 367 1999 sertatione
400 1956 557 2010 aliaque
593 1955 788 1999 methodo
824 1957 1171 2011 pertradtaturus,
1206 1970 1328 2011 quam
1364 1959 1421 1997 fa-

159 2022 276 2062 cilius
325 2021 523 2062 iudicium
573 2021 621 2062 de
665 2022 888 2075 quantitate
931 2021 1178 2076 parallaxeos
1221 2021 1419 2075 largitum

153 2087 206 2128 iri
237 2083 447 2125 existimat,

217 2213 338 2254 Tom.
350 2213 404 2253 X.
417 2211 527 2254 Nou„
539 2211 644 2254 Com
652 2224 703 2253 nne
1006 2211 1021 2252 ἰ
1357 2209 1413 2251 V.'
