1972 2652
515 178 576 225 36
933 172 1047 222 »5223
1080 169 1093 226 )
1129 183 1155 211 0
1193 167 1207 224 (
1239 170 1353 221 ἓέέω

510 287 744 345 praelecto,
777 292 816 324 et
849 285 1009 327 vberius
1038 284 1202 324 eandem
1235 282 1459 324 Theoriam
1501 282 1686 338 exposuit
1724 283 1766 322 in

515 353 679 405 egregio
718 361 838 403 opere
861 382 871 401 ‚
922 352 987 389 cui
1023 348 1181 388 titulus
1218 349 1296 388 est:
1349 348 1550 388 Temamen
1584 346 1767 387 Theoriae

516 415 793 458 Elem-scitatis
828 424 866 454 et
903 413 1166 467 Magnetismi.
1249 412 1493 467 Quanquam
1530 412 1664 463 itaque
1701 409 1772 450 hac

515 492 567 520 ex
610 488 720 532 parte
772 478 930 518 Arietor
986 480 1026 517 in
1081 475 1234 529 scriptis
1275 477 1354 516 suis
1402 474 1506 515 nihil
1548 473 1771 515 desideran-

518 545 618 584 dum
650 542 860 595 reliquerit
883 574 893 593 ,
928 541 1232 596 phaenomenon
1268 550 1403 580 tamen
1426 571 1436 590 ‚
1466 539 1572 592 quod
1608 537 1674 577 hic
1706 539 1777 577 de-

517 607 651 646 scribit
673 635 683 653 ,
718 607 929 656 vtriusque
963 607 1025 640 vis
1070 613 1224 640 tantam
1278 605 1376 641 sistit
1428 601 1744 641 similitudinem
1766 632 1777 651 ,

519 678 568 710 vt
601 667 828 707 obseruator
872 666 1044 705 omnino
1089 663 1329 714 distinguere
1382 672 1582 717 nequeat,
1635 672 1780 704 vtrum

521 734 563 774 id
599 743 675 784 pro
719 728 950 781 operatione
989 727 1050 766 vis
1085 725 1303 766 Electricae
1325 756 1336 774 ,
1378 739 1427 764 an
1475 732 1575 766 vero
1610 727 1779 778 Magne—

524 797 623 837 ticae
655 792 883 833 habendum
919 790 980 831 fit.
1075 789 1182 830 Haec
1213 790 1266 829 est
1301 789 1513 842 praecipua
1553 789 1661 829 causti
1683 822 1694 839 ‚
1732 793 1782 833 ob

524 871 648 914 quam
680 860 1011 909 experimentum
1045 853 1121 895 hoc
1147 853 1442 894 describendum
1475 851 1549 892 effe
1576 852 1781 893 existima-

525 926 600 965 vit.
667 920 851 974 Simplex
882 921 1043 971 quidem
1077 917 1180 959 illud
1221 919 1308 967 est,
1357 917 1420 959 sed
1470 915 1782 960 similitudinem

526 988 738 1040 vti-iusque
770 986 833 1026 vis
867 982 1179 1026 luculentissime
1211 982 1364 1039 probat.

1117 1128 1201 1171 VI.

530 1238 852 1318 Descriptio
895 1234 1129 1316 duplicis
1180 1229 1532 1312 Microleopii
1589 1233 1788 1295 solaris

619 1335 906 1405 apparatus
949 1319 1181 1379 obieffis
1209 1319 1394 1399 opacis
1434 1317 1702 1398 adaptati.

609 1454 868 1517 Auctore
915 1456 948 1514 l,
996 1456 1063 1515 E.
1112 1448 1364 1513 Zeihero
1408 1470 1532 1533 pag.
1577 1472 1714 1533 299.

541 1603 926 1718 Microscopium
962 1614 1096 1657 Solate
1130 1617 1177 1657 ad
1213 1614 1375 1654 inuenta
1410 1609 1646 1655 'recentior-,1
1700 1625 1793 1668 per-

693 1680 819 1719 tinere
852 1681 939 1720 satis
974 1682 1131 1721 constat.
1198 1678 1416 1720 Tribuitur
1459 1676 1570 1717 illius
1611 1678 1793 1718 inuentio

544 1742 807 1791 Liberkz'lhni0‚
842 1743 1086 1784 Academico
1119 1741 1262 1780 celebri
1297 1743 1503 1793 quondam
1521 1741 1795 1791 Berohnenfi,

544 1807 734 1858 quamuis
776 1817 855 1842 non
896 1804 1054 1852 desint,
1090 1804 1161 1854 qui
1205 1803 1282 1841 hoc
1325 1804 1541 1842 inuentum
1592 1805 1795 1857 antiquius

545 1867 618 1905 effe
651 1865 831 1916 volunt,
864 1875 904 1905 et
939 1864 1227 1906 Liherkz'zhnium
1260 1872 1420 1922 tantum
1454 1863 1558 1905 illud
1600 1865 1796 1918 perfecisse

548 1930 805 1972 contendunt.

701 1992 1023 2049 Microscopium
1080 1992 1204 2034 solare
1264 1990 1472 2031 *variarum
1524 1988 1653 2031 adhuc
1703 2002 1796 2044 per-

548 2056 768 2098 fectionum
805 2057 856 2097 cst
890 2069 1013 2111 capax
1037 2087 1048 2106 ,
1082 2058 1145 2096 vti
1179 2053 1303 2097 solent
1343 2055 1561 2094 recentiora
1604 2056 1765 2095 inuenta
1788 2086 1798 2105 ,

548 2133 649 2177 quae
681 2134 762 2163 non
796 2121 928 2163 statim
962 2123 1008 2163 ab
1037 2121 1156 2164 inivio
1189 2121 1353 2163 summo
1385 2119 1636 2175 perfeetionis
1671 2119 1796 2170 gradu

1627 2182 1798 2235 gaudere
