1972 2652
295 199 488 251 stmt.
521 199 823 252 EtEchc.
860 201 937 248 ET
967 202 1234 250 MAGNET.
1316 218 1406 259 297

290 316 371 360 Etsi
404 318 529 373 itaque
561 329 613 359 ex
647 318 716 360 hac
750 326 856 372 parte
884 350 895 370 ,
925 329 946 358 a
978 329 1044 359 me
1074 316 1168 359 nihil
1199 318 1409 360 desideran-

141 382 233 423 dum
266 382 484 436 reliquerim
505 414 518 436 ‚
552 382 691 423 obtulit
723 392 850 422 tamen
883 383 917 422 se
950 381 1045 422 mihi
1081 395 1198 435 nuper
1238 381 1407 436 phaeno-

140 456 314 496 menon‚
348 445 449 501 quod
481 445 635 500 dignum
672 446 823 487 videtur
846 478 856 497 ‚
886 455 929 486 vt
961 444 1107 499 publice
1144 445 1226 485 eius
1257 446 1416 486 meutio'

138 507 338 550 iniiciatur.
422 509 488 551 Est
521 511 624 551 enim
658 510 697 551 in
732 509 1002 562 experimento
1035 508 1106 548 isto
1138 519 1240 549 mox
1271 508 1409 549 descri-

141 570 270 627 bendo
291 601 302 622 ,
335 580 438 613 tanta
469 573 527 613 vis
559 573 741 628 vtriusque
775 572 977 614 similitudo
1005 570 1203 624 conspicua
1227 604 1239 625 ,
1278 581 1322 613 vt
1354 582 1407 613 ex

138 645 279 675 euentu
314 635 390 676 solo
413 668 423 688 ,
456 636 695 690 quantumuis
725 635 920 690 perspicax
969 634 1156 686 spec‘tator
1176 664 1189 685 ‚
1239 635 1407 676 omnino

139 697 363 751 distinguere
395 708 586 752 nequeat,
626 709 706 749 an,
757 696 856 749 quod
913 696 1016 735 videt
1040 725 1052 744 ,
1101 696 1405 747 phaenomenon

135 771 210 812 pro
243 762 466 813 operatione
497 759 694 800 electricae
713 790 724 810 ‚
756 769 805 798 an
840 759 1075 812 magneticae
1105 758 1403 814 virtutis,agno-

135 820 234 863 scere
265 824 410 863 debeat.

279 901 348 944 Est
379 903 687 958 experimentum
725 900 802 943 hoc
840 902 1008 957 sequens.
1095 905 1201 945 Acus
1248 905 1396 955 tenuis,
1431 903 1521 961 [fab.
1545 905 1587 944 32

135 966 253 1007 ferrea
274 997 286 1017 ‚
319 967 448 1008 mollis
469 998 479 1018 ,
511 966 751 1019 longitudinis
782 966 931 1019 pollicis
961 966 1071 1008 vuius
1099 969 1245 1010 circiter
1263 1002 1275 1021 ,
1306 956 1584 1023 CD'Fig4et5.

132 1030 297 1084 capitulo
346 1029 569 1085 sphaerico,
603 1027 664 1081 C,
698 1028 772 1081 D,
806 1029 980 1083 vtrinque
1013 1031 1244 1080 terminata,
1282 1032 1398 1074 libere

131 1092 380 1146 suspendatur,
397 1104 449 1133 ex
471 1092 540 1132 filo
559 1092 689 1144 serico,
707 1093 826 1143 tenui,
847 1092 962 1146 ficco,
982 1090 1081 1144 AC,
1098 1094 1257 1146 pollices
1277 1105 1298 1143 5
1311 1097 1397 1137 ad6

132 1155 264 1207 longo.
328 1154 393 1196 Ad
438 1166 570 1194 mnnus
607 1154 707 1205 siut,
753 1153 862 1195 filum
906 1156 1064 1196 ferreum
1101 1156 1222 1196 molle
1273 1158 1303 1199 F
1320 1158 1393 1210 E,

129 1217 301 1258 craffitiei
331 1217 467 1258 calami
500 1216 687 1265 anserini,
722 1216 963 1270 longitudinis
996 1229 1019 1266 5
1058 1219 1104 1259 ad
1128 1222 1157 1256 6
1192 1219 1396 1273 pollicum,

129 1282 236 1322 cuius
264 1290 436 1322 extrema
469 1291 671 1334 parumper
719 1278 790 1320 fint
840 1281 1072 1334 rotundata3
1124 1292 1395 1338 praetereaque

127 1345 234 1397 virga
265 1344 448 1396 cha-lybea
481 1341 572 1385 GH
603 1343 751 1383 fortiter
782 1343 1025 1397 magnetica,
1057 1351 1168 1397 atque
1201 1346 1306 1386 tubus
1332 1347 1395 1388 vir.

127 1415 221 1446 treus
243 1439 254 1458 ,
287 1417 351 1448 aut
382 1407 552 1457 cylinder
592 1418 646 1448 ex
693 1405 865 1462 sulphure
891 1438 903 1459 ‚
952 1406 1017 1448 vel
1065 1418 1150 1448 cera
1201 1408 1393 1464 hispanica

125 1469 291 1510 constans
313 1502 324 1525 ‚
345 1467 425 1524 gh.

270 1552 356 1595 Iam
395 1550 450 1607 ι.)
516 1550 679 1606 Magnes
727 1548 767 1594 G
793 1550 866 1602 H,
917 1552 1208 1595 horizontaliter
1258 1554 1389 1595 deten-
1410 1575 1483 1621 Fig.
1506 1584 1543 1622 4,

126 1624 185 1656 tus
209 1646 223 1668 ,
271 1617 518 1656 admoneatur
565 1616 647 1656 acui
680 1611 798 1667 (ΣΙ),
832 1624 874 1656 vt
906 1628 992 1657 acus
1028 1618 1191 1657 alterutri
1225 1628 1388 1670 magne-

131 1679 177 1718 tis
208 1677 301 1731 polo
336 1678 562 1721 verticaliter
593 1679 797 1720 immineat
818 1710 831 1730 ‚
878 1680 922 1720 ad
973 1679 1186 1721 distantiam
1240 1681 1389 1733 pollicis

124 1742 274 1781 dimidii
307 1751 369 1782 aut
401 1742 570 1795 integri,
618 1753 730 1795 atque
763 1742 800 1780 in
843 1740 920 1782 hoc
969 1742 1037 1783 situ
1088 1755 1250 1797 magnes
1297 1739 1386 1783 GH

124 1805 309 1846 immotus
340 1806 556 1844 detineatur.
618 1804 764 1862 Quodsi
797 1816 894 1844 nunc
941 1804 1050 1845 filum
1100 1805 1172 1847 FE
1219 1806 1387 1846 inferiori

123 1880 206 1908 acus
236 1878 411 1908 extremo
446 1865 487 1907 D
521 1867 762 1908 admoneatur
783 1893 794 1915 ‚
829 1867 1100 1918 observabitur,
1132 1868 1267 1924 repelli
1286 1869 1382 1909 hanc.

123 1943 210 1971 acus
243 1942 389 1984 partem
422 1944 441 1971 a
477 1931 545 1972 filo
578 1930 667 1972 FE.
751 1928 820 1970 Sin
867 1942 990 1972 autem
1034 1930 1141 1972 filum
1186 1933 1261 1972 FE
1298 1944 1383 1973 acus

121 2004 304 2033 extremo
336 1995 511 2047 superiori
543 1992 578 2036 C
610 1994 954 2049 appropinquant,
988 2007 1039 2035 ex
1073 1994 1141 2035 hac
1174 2007 1279 2048 parte
1296 2007 1380 2036 acus

121 2057 167 2097 ad
202 2056 308 2097 filum
339 2057 422 2098 FE
457 2059 669 2109 accedere,
715 2067 756 2099 et
789 2058 837 2099 ab
867 2058 949 2114 ipso
989 2057 1123 2099 attrahi
1168 2058 1382 2114 deprehen-

119 2120 239 2161 detur.

182 2201 369 2245 ‘rom-X.
382 2196 492 2246 Nom
500 2199 663 2245 Comm.
964 2202 996 2247 P
1011 2215 1041 2260 p
1254 2199 1376 2246 Dein-
