1972 2652
552 119 665 173 «ψὲἐὲ
699 116 712 176 )
749 132 774 159 0
811 117 825 176 (
859 119 972 173 &03⁰⁰
1341 132 1399 171 37

141 233 313 286 gaudere
347 231 471 273 solent
493 263 503 283 ,
544 233 610 273 vti
645 235 712 275 vel
745 233 865 275 antlia
900 234 1152 288 pneumatica
1205 234 1395 287 exemplo

137 297 212 338 esse
231 298 354 351 potest
374 298 601 351 perspicuo,
635 312 657 338 a
676 301 798 339 variis
820 330 831 349 ,
865 299 978 338 aucta
1000 301 1120 340 variis
1140 298 1396 352 perfectioni-

137 361 219 402 bus.
251 362 513 418 Microscopia
530 362 666 402 solaria
685 365 818 417 prima
836 372 876 402 et
895 363 1094 404 ordinaria
1113 363 1398 404 adcommoda-

142 435 182 466 ta
202 434 360 467 tantum
380 427 470 466 sunt
489 427 536 467 ad
554 426 703 468 obiec‘ta
723 426 914 482 pellucida
935 428 1182 469 obseruanda.
1225 426 1398 479 Duplex

140 490 330 543 perfectio
379 491 433 531 est
483 491 529 531 ab
590 491 772 532 Auc‘tore
830 493 1054 543 excogitata
1114 504 1190 545 pro
1237 490 1401 531 obieetis

142 555 274 606 opacis
296 555 564 607 Microscopio
583 556 699 596 solari
718 557 968 607 adplicandis.
1022 555 1166 596 Altera
1205 554 1398 594 inseruire

140 615 255 657 debet
288 617 448 657 obiectis
491 618 709 666 minimis,
761 617 877 657 valde
926 617 1248 668 amplificandis,
1299 629 1399 669 quae

140 680 234 723 alias
274 681 487 722 commode
525 682 568 717 in
618 680 735 718 lentis
786 680 872 718 foco
923 678 1112 718 collocari
1164 689 1397 731 nequeunt5

140 743 263 786 altera
296 754 395 782 vero
438 740 600 781 obiectis
653 741 870 783 maioribus
923 742 1089 793 integris
1138 742 1398 782 mediocriter

138 807 329 859 augendis
351 837 362 856 ,
396 814 443 845 vt
479 805 650 845 monetis
673 836 683 856 ,
716 806 894 857 gemmis
921 814 962 844 et
1003 807 1102 846 aliis.
1168 805 1286 845 Hunc
1321 807 1398 847 du-

137 870 287 927 plicem
338 871 504 923 scopum
556 870 715 910 Auctor
768 869 837 910 fibi
904 870 944 909 in
1015 869 1281 910 dissertatione
1331 871 1397 910 sua

140 935 352 991 proposuit
374 965 384 985 ,
415 935 461 974 ad
494 946 617 987 quem
652 934 918 975 obtinendum
952 934 1047 974 duas
1076 933 1250 988 capsulas
1283 947 1397 988 repe-

139 1002 196 1040 rit
225 1012 322 1039 cum
355 999 544 1051 adparatu
579 999 871 1051 coniungendas
904 1010 1000 1039 cum
1036 999 1300 1052 microscopio
1334 1000 1397 1040 so-

141 1062 230 1101 lari.
297 1062 372 1100 Sed
402 1074 534 1112 quum
570 1061 636 1101 hic
683 1065 890 1112 adparatus
928 1062 1081 1113 duplex
1121 1063 1202 1103 fine
1252 1061 1397 1113 figuris

139 1123 318 1164 distinete
353 1121 527 1170 intelligi
562 1131 603 1159 et
640 1123 916 1173 repraesentari
959 1133 1157 1175 nequeat3
1200 1123 1402 1166 lectorem

139 1188 188 1228 ad
221 1187 347 1239 ipsam
380 1182 692 1224 dissertationem
726 1184 940 1223 remissum
980 1184 1189 1225 volumus.

722 1333 835 1376 VII.

144 1440 455 1504 Methodus
498 1443 769 1524 expedita
804 1442 1194 1504 Velocitatem
1236 1447 1401 1504 venti

378 1527 686 1588 absolutam
727 1528 1158 1591 determinandi.

216 1658 471 1724 Auctore
529 1664 573 1721 Ι.
622 1665 691 1723 Ε.
738 1658 991 1721 Zeihero
1033 1682 1161 1742 pag.
1206 1681 1321 1737 302.

141 1803 351 1915 Extant
381 1815 545 1868 quidem
587 1815 671 1856 iam
710 1813 864 1855 multae
916 1813 1097 1857 methodi
1148 1815 1394 1859 celeritatem

267 1888 485 1919 ventorum
521 1879 813 1920 determinandi
836 1911 846 1931 ,
879 1892 900 1919 a
934 1879 1056 1919 variis
1074 1880 1302 1922 auctoribus
1322 1895 1394 1921 cx-

142 1942 371 1993 cogitatae,
406 1943 509 1983 inter
551 1955 646 1997 quas
696 1944 908 1998 praecipue
957 1954 1097 1984 notatu
1148 1946 1267 1995 digua
1318 1948 1393 1997 est,

144 2005 450 2056 ingeniosiffima
483 2006 551 2047 illa
584 2009 664 2048 viri
711 2010 915 2061 quondam
967 2008 1219 2049 celeberrimi
1272 2009 1393 2050 Om-

141 2069 346 2123 en-Brcgy
368 2102 379 2124 ‚
420 2083 545 2128 quam
576 2071 773 2125 descripsit
807 2073 850 2113 in
894 2073 1109 2115 Memoriis
1155 2073 1393 2115 Acaiemiae

692 2148 714 2176 e
750 2147 773 2187 3
1284 2137 1394 2180 Pari-
