1972 2652
553 284 645 335 486
905 276 1026 322 DE
1089 272 1483 321 VENERE

553 393 610 436 les
642 387 883 448 praestantior
915 387 955 428 in
989 388 1307 431 obseruationibus
1338 388 1529 434 solaribus
1561 400 1724 431 omnem
1755 388 1825 431 du,b

555 457 698 498 bitandi
733 454 814 493 vim
850 452 1018 493 destruat.
1088 453 1173 496 Nec
1207 455 1356 495 animus
1390 456 1465 507 est,
1495 454 1684 496 eximiam
1720 451 1821 495 Hal-

552 519 615 562 leit·
645 516 870 558 methodum
905 516 1151 558 haesitatione
1183 518 1301 559 nimia
1332 519 1583 573 excipiendi,
1626 518 1718 571 quin
1752 528 1826 571 po—

554 584 624 623 tius
659 581 931 621 enodationem
966 580 1218 623 difficillimae
1250 579 1828 635 quaestionisiexoptatiffimam

549 646 638 687 inde
679 644 860 698 sperem3
895 643 920 684 si
954 646 1074 685 etiam
1109 653 1209 684 tanta
1240 644 1443 685 subtilitate
1464 676 1476 698 ,
1525 653 1707 697 quantam
1744 655 1829 685 me·

556 709 694 752 rhodus
726 707 956 762 promittit,
991 720 1072 747 rem
1109 707 1221 760 plene
1253 709 1390 761 assequi
1423 720 1500 748 non
1535 708 1682 748 liceret.
1720 708 1829 749 Enu-

544 772 702 815 meraui
752 781 930 819 tantum,
981 783 1076 824 quae
1122 771 1232 822 vidi,
1274 781 1311 811 et
1341 785 1436 825 quae
1486 771 1664 826 colligere
1703 770 1827 825 potui.

557 835 746 892 Quamuis
775 844 901 875 autem
933 833 996 874 hic
1030 834 1143 875 meilis
1174 834 1259 888 fim3
1279 835 1391 875 missis
1423 836 1583 887 reliquis,
1601 846 1680 874 non
1714 845 1830 886 aeque

560 901 609 941 de
641 910 750 940 mora
785 898 953 939 transitus
984 896 1068 938 disci
1103 897 1262 938 Veneris
1298 910 1362 952 per
1393 898 1556 940 limbum
1588 897 1683 939 Solis
1721 897 1830 937 statui

560 963 665 1019 poffe
701 973 806 1015 puto.
877 961 1146 1003 phaenomena
1178 972 1263 1002 ante
1296 962 1490 1015 explicata
1530 962 1638 1002 istam
1681 961 1830 1000 breuio-

561 1039 648 1068 rem
682 1026 832 1066 forsitan
866 1026 1082 1079 exhibent,
1117 1036 1158 1066 ac
1192 1036 1321 1066 reuera
1354 1026 1444 1079 est3
1495 1028 1598 1066 vnde
1645 1024 1832 1065 diameter

561 1090 648 1131 disci
682 1089 845 1129 Veneris
878 1099 1028 1142 praeter
1061 1089 1354 1129 diminutionem
1375 1119 1386 1138 ‚
1438 1100 1532 1143 quae
1582 1088 1650 1143 ipsi
1689 1098 1740 1128 ex
1773 1099 1833 1126 re·

562 1153 860 1207 praesentatione
893 1153 1063 1205 corporis
1093 1154 1205 1206 opaci
1242 1154 1282 1192 in
1314 1154 1424 1192 {undo
1456 1142 1585 1192 lucido
1614 1152 1847 1204 contingit„

564 1217 681 1256 etiam
714 1228 766 1256 ex
797 1215 875 1256 hoc
909 1216 1036 1269 capite
1073 1216 1201 1256 minor
1233 1228 1428 1268 emergere
1462 1217 1586 1256 debet.
1655 1214 1846 1268 Inprimis

564 1290 691 1321 autem
744 1280 998 1321 differentiam
1037 1279 1235 1319 Tuborum
1257 1309 1269 1331 ‚
1299 1284 1336 1318 in
1368 1278 1691 1321 obseruationibus
1739 1280 1834 1319 eius-2

565 1342 670 1384 modi
702 1342 972 1393 adhibitorum,
993 1343 1160 1384 notabile
1190 1342 1384 1386 discrimen
1418 1344 1623 1397 producere
1654 1341 1755 1397 posse
1781 1343 1836 1382 fa-

568 1405 639 1444 cile
669 1405 796 1443 credo.
858 1403 933 1444 Sed
965 1406 1019 1444 det
1043 1406 1108 1446 ista
1142 1407 1300 1447 Veneris
1331 1420 1400 1460 per
1434 1408 1598 1449 limbum
1628 1405 1728 1448 Solis
1745 1418 1836 1447 mo·

571 1477 612 1508 ra
645 1465 750 1520 plura
779 1465 844 1506 suo
876 1465 977 1507 loco.

724 1536 763 1572 8.
801 1528 905 1569 Dum
938 1529 1158 1578 Venerem,
1192 1531 1367 1583 exposito
1399 1530 1580 1571 haetenus
1611 1531 1761 1582 modo,
1794 1530 1849 1569 in

571 1593 725 1634 transitu
757 1603 827 1645 per
857 1592 1000 1632 discum
1035 1591 1132 1632 Solis
1163 1593 1376 1645 prosecutus
1407 1596 1483 1632 sum
1507 1624 1519 1641 ,
1549 1604 1710 1634 attentus
1736 1605 1835 1646 quo-

571 1668 643 1710 que
677 1656 828 1708 semper
859 1656 906 1695 fui
926 1689 938 1705 ,
988 1667 1035 1696 an
1077 1656 1323 1697 desideratum
1362 1655 1473 1697 illum
1506 1655 1667 1696 Veneris
1697 1655 1836 1696 uitelli-

571 1729 653 1760 tem
677 1751 689 1772 ‚
721 1720 823 1759 cuius
853 1718 1090 1760 existentiam
1126 1723 1251 1760 variae
1282 1720 1561 1761 obseruationes
1593 1720 1731 1760 docete
1778 1721 1837 1760 vi-

572 1784 707 1823 dentur
727 1812 739 1828 ,
774 1782 1055 1834 deprehendere
1089 1783 1275 1837 poffem3
1324 1784 1375 1824 ast
1408 1783 1549 1823 nullum
1601 1786 1679 1823 eius
1727 1783 1838 1823 vesti-

575 1847 678 1898 gium
716 1858 783 1900 per
816 1859 935 1886 omne
969 1855 1120 1899 tempus
1153 1847 1457 1887 obseruationum
1493 1859 1670 1887 mearum
1715 1858 1837 1899 appa.-

575 1911 660 1949 ruit.
739 1910 844 1950 Hiec
877 1907 1038 1951 satellitis
1070 1911 1229 1950 absentia
1262 1913 1381 1951 etiam
1422 1910 1549 1963 postea
1586 1911 1837 1964 comprobata

576 1973 666 2021 fuit,
699 1985 788 2013 cum
823 1973 907 2014 hor.
945 1985 1014 2012 10.
1051 1973 1154 2014 hunc
1185 1975 1223 2014 in
1257 1973 1376 2013 finem
1408 1973 1508 2014 Solis
1538 1975 1680 2015 discum
1710 1975 1838 2014 denuo

577 2034 853 2087 perlustrarem.
919 2035 1049 2078 Nubes
1080 2037 1255 2089 deinceps
1290 2037 1463 2090 copiosae
1498 2039 1632 2079 iterum
1666 2039 1840 2077 orieban-

580 2106 639 2136 tur
668 2128 680 2150 ,
728 2107 767 2137 et
800 2100 951 2139 tandem
986 2101 1147 2140 tonitrua
1184 2102 1279 2139 circa
1314 2101 1511 2141 meridiem
1545 2114 1565 2140 e
1598 2103 1838 2156 longinquo;

579 2160 667 2213 post
702 2160 837 2200 horam
872 2171 915 2207 3,
950 2175 1042 2204 vero
1080 2164 1389 2218 pomeridianam
1441 2165 1477 2205 in
1525 2166 1662 2207 vicinia
1711 2164 1842 2204 audie-

581 2223 729 2266 bantur,

1685 2305 1712 2340 9
1763 2290 1846 2330 Ac*
