1972 2652
541 170 657 221 »ἐξ
688 166 701 226 )
736 180 764 210 0
799 168 813 228 (
844 170 974 222 &lego-⁷
1348 185 1410 225 45

152 279 292 323 ibrum
352 280 539 323 afferuata
594 284 746 324 docent.
853 281 1011 325 Clarifl‘.
1062 282 1224 326 Auc‘tor
1275 285 1405 337 igitur

153 346 255 387 duos
310 345 523 388 Dentalios
580 348 752 400 ingentis
814 347 1106 400 magnitudinis
1174 350 1354 391 describit
1392 381 1404 401 ‚

152 420 298 465 eosque
349 409 563 453 Dentalzos
621 421 804 452 arcuatos
839 443 851 462 ‚
904 413 1132 465 spongiosos
1169 446 1182 466 ‚
1233 414 1358 455 fuscos
1395 445 1408 465 ‚

147 472 358 526 superficie
402 473 619 516 tubercul's
659 477 859 527 contiguis
903 477 1129 531 exasperata
1151 509 1163 528 ,
1212 478 1409 519 nominat.

147 536 288 580 Ambo
319 539 363 581 hi
398 539 580 582 Dentalii
615 540 892 593 magnitudine
925 541 991 581 sua
1027 541 1173 594 insigni
1216 542 1253 582 se
1291 553 1410 583 com·

148 603 355 642 mendant.
439 603 680 644 Maximum
719 613 866 641 eorum
909 602 1125 642 secundum
1162 602 1310 645 lineam
1343 616 1410 643 re-

142 664 254 705 stam
289 679 332 715 4.
364 666 480 719 pedes
514 665 710 706 Parisinos
743 677 839 704 cum
861 656 1029 704 'duobus
1065 665 1277 718 pollicibus
1299 699 1310 720 ‚
1350 669 1410 706 se-

144 730 323 768 cundum
365 739 506 766 arcum
549 736 789 765 cui-naturae
829 737 867 775 4.
910 728 1024 780 pedes
1073 737 1114 767 et
1161 737 1202 774 5.
1242 729 1410 782 pollices

144 800 299 843 aequat.
334 790 527 830 Latitudo
560 790 830 830 extremitatis
865 789 1065 830 inferioris
1099 793 1217 830 vnius
1242 794 1296 834 est
1314 792 1407 845 pol-

143 854 264 904 licis,
298 855 513 907 superioris
560 855 690 894 trium
733 852 935 907 pollicum
976 857 1153 909 quinque
1194 855 1405 897 linearum.

139 917 393 960 Extremitas
429 918 597 959 inferior
627 917 751 959 frusto
787 918 1052 974 Madreporae
1087 919 1238 960 insidet.
1303 922 1406 963 Sub-

139 983 279 1024 stantia
317 984 395 1037 ipsa
429 997 595 1026 corneae
626 984 679 1024 est
714 982 894 1024 duritiei.
962 983 1124 1038 Corpus
1158 985 1292 1038 ipsum
1336 994 1404 1025 tu-

136 1046 308 1086 berculis
344 1048 593 1088 snbrotundis
624 1047 801 1087 obsitum
824 1079 835 1097 ‚
869 1049 1036 1089 interius
1070 1049 1296 1090 rusb-fusci
1331 1060 1421 1089 ex-f

140 1109 266 1146 terius
302 1120 399 1147 vero
441 1110 555 1161 plane
597 1108 690 1147 fusci
733 1108 878 1147 coloris
918 1111 983 1149 est.
1068 1112 1265 1162 Inprimis
1305 1124 1404 1153 vero

140 1181 273 1211 notata
308 1172 478 1219 dignum
513 1171 596 1217 est,
638 1179 690 1205 ex
722 1169 797 1205 bafi
836 1173 1010 1208 maximi
1047 1172 1170 1208 huius
1205 1173 1366 1214 dent-alii
1393 1207 1406 1228 ‚

136 1235 268 1273 aliun
307 1231 503 1283 pusillum
547 1245 581 1269 1.
619 1229 810 1283 pollicem
843 1243 938 1272 cum
985 1237 1023 1272 8.
1066 1232 1185 1272 lineis
1226 1234 1401 1287 longum

136 1295 364 1337 excreuiffe.
448 1295 674 1348 Rel‘qnum
729 1294 805 1334 hoc
855 1296 1028 1337 frustum
1080 1297 1327 1339 rarii-fimum
1380 1313 1403 1342 a

135 1372 258 1402 nauta
292 1361 467 1412 quodam
506 1359 609 1400 olim
653 1359 1022 1413 Archangelopo-lin
1065 1362 1280 1402 aduectum
1304 1395 1316 1413 ‚
1361 1373 1401 1405 et

135 1437 158 1464 a
191 1425 395 1467 PETRI
435 1423 661 1466 MAGNI
699 1422 920 1467 Archiatro
954 1424 1005 1465 D.
1052 1426 1221 1466 Arei-liin
1262 1427 1399 1468 Petro-

132 1489 245 1543 polin
285 1489 449 1529 missum
482 1488 570 1529 fuit.
636 1487 835 1528 Alterum
876 1489 1051 1529 frustum
1091 1491 1197 1544 quod
1243 1490 1399 1533 clariss.

131 1554 292 1594 Auctor
326 1554 507 1595 describit
529 1585 542 1604 ,.
594 1562 671 1593 tres
706 1553 872 1607 pollices
906 1565 1004 1594 cum
1042 1558 1079 1593 8.
1130 1555 1251 1596 lineisv
1301 1554 1395 1595 lon-

133 1629 237 1670 gum
290 1632 370 1659 non
423 1629 545 1671 aeque
593 1617 751 1669 elegans
812 1629 854 1658 ac
912 1617 1191 1670 antecedens,
1269 1620 1396 1670 magis

132 1681 356 1732 irregulare
398 1713 411 1732 ‚.
467 1694 547 1721 non
606 1683 752 1734 vbique
818 1681 1120 1721 tuberculosum
1173 1690 1214 1719 et
1271 1681 1394 1733 palli·

133 1747 246 1785 diore
289 1746 460 1793 gaudens
499 1742 633 1780 colore
678 1743 872 1780 cernitur..
954 1741 1189 1783 Adhaerent
1228 1744 1398 1786 diuersis-

131 1807 174 1846 in
208 1806 303 1846 Iocis
337 1806 450 1845 testae
488 1803 731 1855 parasiticae,
772 1804 1085 1855 scypliiforme5‚
1126 1807 1391 1858 quadri-ve}

131 1871 312 1922 quinque
354 1868 532 1916 laterae,
579 1866 934 1907 inuerso-conicae
958 1897 970 1915 ‚
1009 1868 1124 1907 cuius
1167 1868 1309 1909 indolis
1350 1881 1391 1912 et

128 1933 173 1973 in
209 1931 458 1971 antecedente
490 1931 800 1984 conspiciuntur.
874 1929 1100 1984 Reliquum
1135 1930 1230 1973 haec
1267 1933 1391 1977 stusta

130 2004 296 2050 propt-“r
331 1995 528 2045 insignem
560 2003 605 2034 et
632 1997 711 2036 fere
746 1996 1019 2036 inconsuetam
1055 1998 1391 2052 magnitudinem

130 2059 336 2103 rariffimis
368 2058 541 2103 omnino
570 2061 667 2102 sunt
691 2059 1011 2105 annumeranda,

726 2190 752 2230 f
776 2199 806 2239 a
1305 2191 1384 2250 m
