1972 2652
580 244 694 311 ³⁸4?
954 247 1434 298 stToRtA

579 379 682 416 mera
714 365 757 408 fit
789 362 988 417 quantitas,
1021 369 1062 402 et
1093 361 1134 402 in
1164 359 1245 402 dies
1279 362 1384 417 plura
1415 375 1491 404 non
1522 361 1571 404 ab
1601 361 1741 405 exterIs
1759 370 1844 404 tan·

575 442 657 473 tum
691 427 920 470 aduehantur
942 454 953 474 ,
984 437 1116 466 verum
1151 427 1269 467 etiam
1304 435 1393 467 ante
1423 427 1568 468 nostros
1608 426 1685 467 fere
1729 426 1845 483 pedes

575 497 808 545 detegantur.
877 488 1084 529 Herculeus
1113 490 1220 531 labor
1252 492 1465 544 requiritur.
1519 490 1677 532 Interim

579 576 683 588 0——
767 552 948 593 tentanda
1004 553 1069 593 via
1126 554 1177 594 est
1293 574 1397 585 —-
1515 575 1620 584 ——-
1740 573 1848 585 -—-—

576 629 615 661 et
635 616 815 660 Hercules
833 617 989 658 admota
1016 628 1132 658 manu
1165 615 1447 670 implorandus,
1472 618 1498 659 i.
1533 631 1568 659 e.
1604 617 1851 673 suscipiendus

578 683 631 723 est
660 682 764 723 labor
785 709 797 726 ,
829 691 870 722 et
903 692 1063 734 corpora
1097 680 1235 734 singuia
1267 691 1356 721 cum
1396 680 1490 722 Deo
1520 691 1560 722 et
1609 682 1671 723 die
1718 680 1850 723 sensim

578 746 783 798 senfimque
824 743 1078 785 examinanda
1111 744 1207 784 sunt.
1263 743 1455 787 Laborem
1490 745 1696 788 multorum
1731 747 1854 786 saecu-

580 811 705 852 torum
750 808 813 849 hic
855 807 1017 860 indigito
1038 840 1050 859 ,
1085 820 1217 848 verum
1253 807 1339 853 est,
1369 810 1430 850 sed
1465 810 1569 850 idem

588 895 692 903 --
712 892 819 904 -—--
840 892 947 902 —--—·
980 870 1086 911 labor
1119 871 1314 925 improbus
1353 872 1483 912 omnia
1524 871 1680 924 vincit,
1729 881 1768 912 et
1795 870 1854 915 vis

587 938 697 978 vnita
731 935 874 977 sortior.
937 934 1026 976 Hoc
1058 935 1163 976 enim
1196 935 1317 976 modo
1346 946 1437 976 cum
1479 943 1658 989 tempore
1701 935 1747 975 ad
1786 946 1853 988 pe-

591 1001 772 1042 nitiorem
806 1007 958 1041 naturae
993 998 1147 1052 eiusque
1178 1010 1386 1054 corporum
1418 999 1680 1054 cognitionem
1722 1008 1857 1051 perue-

589 1065 671 1105 nire
693 1094 706 1116 ,
741 1072 938 1118 penetrare
970 1065 1194 1116 poterimus.
1274 1063 1345 1104 Ast
1380 1064 1470 1116 quid
1505 1063 1632 1104 multis
1665 1061 1855 1102 lec'torem

590 1126 762 1169 moror?
793 1128 896 1171 Rem
931 1126 1076 1182 ipsam,
1105 1127 1153 1168 de
1182 1139 1255 1181 qua
1285 1127 1446 1169 dicturus
1479 1126 1559 1168 sum
1577 1157 1589 1172 ,
1617 1126 1827 1180 aggrediar.

1170 1223 1206 1272 ξ.
1240 1234 1284 1262 2.

729 1317 835 1360 Inter
864 1315 1068 1372 complura
1097 1318 1270 1373 lapidum
1305 1330 1441 1373 genera
1473 1331 1555 1361 non
1594 1317 1777 1361 ‘vltimum
1817 1328 1866 1363 ea

596 1390 787 1433 occupant
816 1380 946 1421 locum
966 1412 978 1431 ,
1012 1394 1107 1432 quae
1150 1383 1370 1436 plerumque
1403 1383 1465 1425 sub
1499 1382 1609 1424 titulo
1657 1389 1874 1436 apyrorum

596 1441 991 1496 comprehenduntur.
1027 1442 1111 1481 Huc
1133 1445 1323 1493 pertinent
1354 1447 1528 1497 exempli
1561 1446 1678 1496 gratia
1699 1445 1865 1485 Amian-

599 1505 686 1546 thus
706 1537 717 1556 ‚
750 1504 926 1545 Asbestus
949 1533 961 1555 ‚
993 1503 1191 1558 Talcum,
1231 1505 1340 1547 Mica
1382 1515 1456 1546 etc.
1538 1505 1604 1545 De
1645 1504 1866 1545 Amiantho

600 1578 641 1611 et
659 1567 819 1609 Asbesto
851 1579 1057 1620 eorumque
1090 1578 1217 1609 natura
1250 1569 1444 1609 vberrime
1475 1570 1518 1609 in
1553 1569 1764 1610 Academia
1784 1568 1868 1608 Re-

603 1633 664 1685 gia
700 1628 933 1671 Berolinenfi
968 1631 1112 1670 locutus
1157 1632 1252 1673 sum.
1331 1631 1398 1671 De
1429 1632 1531 1672 talco
1563 1641 1601 1670 et
1638 1632 1736 1671 mica
1768 1631 1870 1671 alioo

603 1707 689 1736 rum
723 1705 872 1746 quoque
905 1702 1036 1733 extant
1065 1694 1211 1748 scripta.
1294 1694 1454 1736 Interim
1487 1693 1548 1734 alii
1581 1693 1691 1733 huius
1723 1691 1871 1744 generis

604 1757 743 1811 lapides
776 1755 895 1797 adhuc
928 1755 1144 1810 supersunt,
1196 1759 1293 1799 inter
1341 1771 1433 1811 quos
1485 1757 1605 1812 Lapis
1643 1767 1689 1797 ne
1713 1754 1871 1797 hra'te‘cus

604 1834 682 1862 non
719 1820 858 1860 vltimo
893 1819 1131 1861 recensendus
1166 1823 1263 1862 mihi
1297 1823 1451 1876 quidem
1485 1821 1648 1861 videtur.
1736 1819 1868 1872 ignum

603 1885 692 1931 ideo
724 1884 864 1934 censui,
899 1885 962 1938 qui
995 1885 1151 1926 vlterius
1185 1887 1493 1937 examinaretur,
1525 1884 1633 1937 idque
1666 1895 1718 1925 eo
1738 1882 1873 1936 magis,

610 1948 791 1999 quoniam
828 1958 974 2000 praeter
1009 1944 1216 2003 Casparum
1248 1948 1504 1990 Bartholinum
1551 1948 1750 1988 nerninem
1800 1954 1873 1986 no-

612 2010 686 2050 rim
711 2040 724 2063 ,
755 2011 815 2061 qui
848 2023 897 2051 ex
931 2011 1098 2051 instituto
1129 2014 1176 2053 de
1207 2024 1257 2052 eo
1291 2013 1422 2065 egerit,
1458 2013 1506 2052 ita
1541 2020 1685 2056 tamen,
1715 2020 1762 2051 vt
1791 2008 1874 2063 plus

611 2074 659 2113 ad
691 2072 769 2111 eius
800 2073 837 2111 in
872 2084 952 2114 arte
989 2076 1135 2116 medica
1171 2075 1277 2116 vsum
1302 2108 1313 2129 ‚
1349 2088 1459 2129 quam
1494 2076 1538 2116 ad
1574 2076 1652 2115 eius
1702 2083 1873 2115 natur-am

614 2134 794 2186 chymice
826 2138 1081 2179 examinatam
1115 2142 1334 2192 respexerit.
1437 2138 1596 2181 Accedit
1645 2139 1777 2192 ingens
1827 2135 1875 2176 de

618 2198 696 2239 hoc
724 2197 849 2251 lapide
882 2198 1080 2240 auctorum
1108 2202 1290 2254 diffensus,
1310 2215 1425 2256 quem
1448 2206 1485 2245 in
1505 2201 1796 2258 subsequentibus
1814 2193 1877 2236 vl-

617 2261 728 2305 terius
762 2262 1033 2317 exponendum
1067 2266 1164 2306 mihi
1197 2267 1358 2307 sumam.
1733 2261 1878 2305 Nomen
