1972 2652
567 213 657 252 330
783 193 1625 242 DESCRIPT'I'ONES

569 314 695 359 dorfi,
742 312 804 361 ani
846 321 885 350 et
930 310 1071 349 caudae
1103 308 1214 351 facies
1243 309 1346 364 picra
1377 310 1430 352 est
1451 343 1463 363 ‚
1502 310 1540 351 in
1574 310 1698 366 pinnis
1731 323 1834 352 ven-

573 380 721 420 tralibus
754 386 844 414 vero
875 386 917 414 ac
952 373 1206 426 pedoralibus
1238 375 1421 429 posticam
1454 384 1596 417 tantum
1629 385 1839 430 occupant,

574 443 696 483 antica
730 438 825 479 facie
860 436 1107 477 immaculata
1139 439 1215 478 fere
1249 450 1290 477 ac
1317 438 1518 479 albicante.
1585 438 1837 493 Squamarum

575 506 664 546 loco
687 534 699 557 ‚
733 504 860 555 quibus
895 501 1041 552 penitus
1072 511 1175 540 caret
1210 501 1316 554 piscis
1338 534 1349 554 ‚
1380 505 1539 543 verrucis
1571 502 1700 542 scabris
1719 534 1729 553 ,
1762 513 1841 543 rna-

577 567 719 608 ioribus
752 577 796 606 ac
827 566 1060 616 rarioribus,
1097 563 1267 604 instrusta
1287 596 1298 615 ,
1332 565 1552 617 pupillisque
1586 565 1843 612 denticulatis,

578 632 723 681 biretis,
783 628 1021 678 minoribus,
1070 629 1276 668 innumeris
1311 628 1442 668 obsita
1480 629 1535 668 est
1573 629 1705 682 cutis3
1753 627 1844 668 hinc

581 694 704 735 scabra
753 702 789 731 et
846 691 891 731 ad
924 690 1068 730 tactum
1103 691 1224 744 aspera
1258 693 1383 731 omnis
1412 692 1578 743 corporis
1608 690 1847 744 superficies,

585 765 746 809 excepta
778 754 905 794 areola
941 754 1002 794 issa
1034 754 1185 794 modice
1220 754 1536 804 concaua,'inter
1567 755 1745 794 corniculi
1780 767 1847 794 ca·

582 820 672 874 pitis
703 828 741 858 ct
772 816 952 858 dorsualis
982 816 1082 856 basin
1101 850 1111 868 ,
1145 816 1257 869 plane
1286 818 1382 856 laeui
1407 846 1418 866 ‚
1459 817 1606 870 papillis
1640 817 1849 856 verrucisue

584 883 746 923 omnino
777 881 959 922 destituta.
1028 879 1223 931 Illarums
1254 878 1335 934 (sc.
1367 886 1625 932 verrucarum)
1678 879 1849 921 maxima

587 947 692 987 series
711 977 723 996 ,
753 944 894 986 lineam
925 942 1026 997 quasi
1059 944 1372 997 longitudinalem
1405 942 1637 996 efformans,
1677 955 1699 984 a
1729 943 1850 994 stonre

588 1008 723 1061 incipit
755 1019 906 1048 arcuato
939 1008 1044 1060 supra
1077 1007 1230 1048 oculum
1262 1008 1378 1048 duCtu
1397 1037 1411 1056 ,
1457 1009 1549 1048 inde
1579 1010 1687 1048 iuxta
1718 1005 1851 1047 'corni'-

589 1072 714 1112 culum
750 1071 918 1110 dorsuale·
947 1069 1052 1110 flexu
1103 1070 1160 1110 illi
1208 1071 1402 1110 contrario
1452 1073 1580 1124 pergit
1602 1100 1614 1119 ‚
1663 1070 1853 1124 dustuque

590 1136 719 1175 denuo
750 1143 903 1174 arcuato
927 1166 937 1185 ,
969 1132 1086 1187 longo
1114 1165 1124 1184 ,
1163 1133 1257 1173 inter
1288 1130 1434 1173 dorsum
1470 1143 1509 1173 et
1542 1134 1635 1175 latus
1663 1135 1855 1174 ventrico-

593 1198 673 1239 sum
708 1198 831 1237 versus
862 1197 923 1237 ani
956 1197 1112 1250 pinnam
1147 1197 1359 1248 descendit,
1390 1206 1474 1238 toto
1505 1196 1579 1239 fere
1612 1198 1744 1239 itinere
1762 1197 1856 1238 dor-

534 1300 537 1303 ,
593 1261 632 1302 so
654 1288 665 1310 ‚
700 1273 813 1313 quam
846 1261 1063 1311 abdomini,
1093 1259 1204 1314 longe
1239 1261 1428 1315 proprior.
1498 1261 1689 1303 Numerus
1720 1261 1856 1302 harum

595 1335 837 1364 verrucarum
871 1324 916 1362 ad
953 1336 1114 1373 29-30
1152 1324 1291 1364 accedit
1315 1356 1327 1377 ‚
1363 1336 1566 1377 earumque
1602 1325 1825 1371 magnitudo
1849 1352 1859 1371 ,

596 1398 617 1427 a
650 1385 782 1439 primis
812 1386 859 1425 ad
892 1386 1075 1436 vlumus,
1119 1385 1250 1425 sensim
1285 1386 1473 1427 deci-eicit.
1571 1376 1695 1427 Extr'a
1727 1387 1857 1426 harum

597 1450 731 1490 seriem
785 1459 943 1501 quatuor
989 1449 1054 1489 vel
1093 1449 1255 1501 quinque
1289 1447 1385 1487 inter
1416 1449 1573 1489 oculum
1608 1458 1647 1488 et
1679 1445 1859 1488 corniculi

601 1512 771 1553 dorsualis
803 1512 900 1552 basin
934 1521 1147 1552 occurrunt.
1214 1509 1433 1552 Nonnullae
1465 1513 1581 1552 etiarn
1613 1511 1707 1551 circa
1726 1508 1862 1550 maxil-

600 1576 721 1616 larum
774 1575 958 1616 ambitum
1011 1584 1050 1615 ct
1099 1575 1136 1614 in
1180 1574 1356 1614 lateribus
1384 1575 1515 1628 capitis
1545 1573 1828 1626 conspiciendae
1850 1602 1861 1624 ‚

602 1649 756 1692 quarum
791 1638 864 1678 hae
895 1649 969 1678 tres
997 1647 1201 1691 quatuorue
1254 1638 1359 1678 scries
1410 1638 1577 1680 minores
1600 1666 1612 1686 ‚
1662 1644 1866 1684 arcuatas,

606 1701 750 1754 aequali
782 1701 855 1741 fere
889 1703 1009 1755 spatio
1044 1714 1065 1742 a
1113 1700 1148 1740 se
1200 1702 1364 1741 inuicem
1416 1712 1582 1742 remotas¹
1623 1699 1828 1739 efformant
1852 1726 1864 1746 ‚

608 1778 710 1805 arcus
742 1766 979 1806 connexitate
1011 1765 1201 1805 abdomen
1220 1792 1234 1813 ,.
1280 1765 1516 1807 concauitate
1551 1764 1704 1804 oculum
1754 1760 1868 1814 respi-

612 1829 748 1868 ciente.
847 1826 1000 1882 Singula
1051 1838 1173 1869 autem
1215 1828 1401 1869 omnium·
1428 1829 1561 1869 harum
1595 1836 1863 1876 verrucarum,

613 1890 852 1944 microscopii
887 1905 965 1945 ope
998 1890 1073 1931 visa
1095 1924 1105 1942 ,
1155 1904 1175 1931 e
1211 1891 1347 1931 duabus
1375 1891 1525 1933 laminis
1559 1890 1718 1940 scabris,
1773 1889 1870 1929 den-

616 1953 774 1992 ticulatis
813 1964 851 1994 et
883 1955 1037 2009 oblique
1068 1954 1358 1995 couniuentibus
1388 1955 1441 1995 est
1479 1953 1701 1995 consti-usta.
1797 1950 1873 1992 Pa-

614 2015 788 2069 pillarum
839 2018 942 2071 supra
994 2029 1296 2060 memoratarum
1331 2018 1471 2072 singula
1504 2018 1646 2059 duobus
1678 2014 1872 2058 denticulis

615 2079 690 2120 siue
719 2078 802 2117 setis
823 2109 834 2129 ,
885 2081 994 2120 redis
1021 2109 1031 2126 ‚
1079 2082 1194 2123 aucstis
1225 2091 1263 2122 et
1294 2080 1767 2136 diuergentibus2instru6ta
1804 2078 1868 2118 est.

619 2142 727 2198 Quae
759 2150 902 2198 caput,
950 2143 1097 2185 dorsum
1136 2155 1174 2187 et
1223 2145 1337 2188 latera
1386 2155 1608 2201 occupant,
1659 2141 1871 2185 breuiffimo

1771 2203 1871 2249 licet,
