1972 2652
590 177 703 228 »02³1ss
734 174 750 232 )
784 188 810 216 0
845 173 861 234 (
893 177 1009 227 &Evssw
1374 188 1432 227 53

167 281 464 340 inueniantur‚
515 296 555 327 et
606 299 684 327 vna
737 301 834 329 cum
883 288 960 330 hoc
1020 289 1173 344 Lapide
1224 299 1430 332 eruantur.

173 346 215 401 2)
253 350 404 391 Eadem
437 352 588 392 duritie
620 365 718 394 cum
751 353 814 392 his
847 354 1031 404 gaudent.
1100 353 1141 407 3)
1176 354 1302 398 Color
1341 367 1435 395 am-

165 411 288 454 bobus
332 425 378 456 vt
422 417 657 470 plurimun
700 419 936 458 communis
984 426 1025 458 et
1066 419 1172 461 idem
1214 417 1258 475 4)
1301 421 1434 462 Partes

163 479 446 521 const-tutiuae
517 482 707 522 ambobus
780 481 862 522 fere
931 482 1092 523 eaedem
1155 493 1195 524 et
1256 487 1301 531 5)
1362 495 1434 536 per

163 539 460 595 Experimenta
511 545 718 598 Chymica
768 547 908 588 eadem
961 546 1158 600 pro-iufra
1210 548 1436 599 oriuntur,

163 616 264 658 quae
296 620 317 647 a
354 609 504 661 Lapide
554 609 793 660 Serpmtino
844 610 1063 660 prouenire
1114 608 1250 649 solent.
1320 610 1435 665 Quin

163 668 299 710 immo
332 673 577 714 affinitatem
611 672 815 724 quandam
852 670 1050 722 Lapidem
1093 672 1200 711 inter
1243 671 1434 726 Nephri-

162 733 292 774 ticum
328 744 369 772 et
413 733 704 784 serpentinum
755 740 796 771 et
845 730 1127 772 Amianthum
1159 764 1173 784 ,
1220 736 1433 777 Asbestum

159 805 200 835 et
250 793 449 837 Granatos
499 794 573 836 esse
595 827 606 846 ‚
636 797 830 850 opinatur
852 827 864 847 ,
899 795 989 836 ideo
1022 796 1216 850 quoniam
1246 799 1434 852 plerum-

158 870 238 911 que
269 859 311 899 in
348 871 432 900 vno
464 861 686 914 eodemque
717 859 809 901 loco
842 860 1000 910 natali,
1034 873 1074 902 et
1104 862 1194 902 stitis
1227 863 1334 904 arete
1368 865 1435 903 in-

160 930 323 964 terdurn
357 926 515 966 connati
550 929 822 980 reperiuntur.
893 926 939 967 ld
974 927 1084 978 quod
1119 926 1312 981 inprimis
1328 940 1435 982 quo·

157 999 236 1040 que
278 987 567 1042 elegantffima
608 993 654 1032 ab
696 990 878 1031 Auaore
932 990 1113 1032 exhibita
1161 991 1433 1046 Exemplaria

157 1056 476 1104 comprobarunt
501 1084 513 1102 ,
545 1067 647 1105 quae
681 1066 732 1094 ex
767 1055 900 1095 fodina
934 1054 1107 1097 Reichcr
1143 1056 1263 1097 Trost
1306 1069 1434 1111 prope

157 1112 517 1156 Reichensteinuin
551 1114 682 1153 effossa
716 1114 829 1163 sunt,
863 1124 903 1153 et
939 1117 981 1154 in
1018 1119 1162 1169 quibus
1198 1120 1321 1170 La-pis
1340 1119 1433 1160 Ne-

156 1176 361 1232 phriticus
392 1188 491 1217 cum
526 1175 760 1214 Amiantho
792 1178 834 1212 in
880 1178 1035 1226 Lapide
1088 1179 1263 1220 Cornuo
1311 1183 1433 1234 nigro

157 1239 378 1280 arcstiffime
410 1247 605 1279 conna-tus
645 1238 838 1278 cernitur.
879 1238 1068 1290 Exponit
1105 1239 1236 1292 postea
1268 1241 1433 1287 Aue'tor

155 1301 306 1344 labores
353 1302 611 1354 Chymicos,
647 1313 747 1356 quos
777 1313 875 1341 cum
929 1301 1005 1343 hoc
1058 1302 1191 1357 lapide
1239 1304 1429 1349 instituit.

155 1367 364 1409 Menstrua
396 1366 503 1407 ac'da
541 1379 686 1420 parum
723 1376 886 1407 tantum
917 1379 968 1408 ex
989 1366 1066 1408 hoc
1085 1366 1219 1422 lapide
1236 1379 1428 1413 extraxe-

155 1443 253 1474 runt
276 1464 288 1484 ‚
319 1432 428 1486 quod
463 1431 609 1472 indolis
646 1431 844 1472 martialis
877 1430 950 1471 esse
986 1444 1036 1472 ex
1076 1435 1428 1488 praecipitationi-

153 1495 226 1537 bus
259 1497 467 1550 cognouit.
513 1497 687 1538 Easdem
725 1507 856 1551 partes
891 1506 999 1538 mart
1017 1497 1095 1538 ales
1131 1512 1203 1553 per
1235 1499 1427 1544 sublima-

154 1563 282 1603 tiones
313 1575 411 1602 cum
443 1560 531 1603 sate
567 1564 846 1604 Ammoniaco
868 1594 880 1613 ‚
915 1562 1127 1606 Mercurio
1160 1563 1394 1607 S-ublimato
1414 1597 1427 1616 ‚

154 1624 242 1667 Sale
277 1627 493 1668 Alembrot
513 1659 524 1678 ‚
557 1627 721 1667 detexit.
789 1627 1012 1669 Fundendo
1045 1639 1143 1669 cum
1186 1628 1275 1670 Sale
1317 1629 1424 1668 Tar-

155 1692 232 1730 tari
267 1701 307 1732 et
343 1692 489 1732 Borice
526 1691 568 1730 in
604 1692 779 1731 Vitrum
813 1692 1047 1732 subluteum
1070 1723 1081 1741 ‚
1114 1702 1210 1731 cum
1248 1691 1424 1733 Tartaro

156 1753 379 1793 VitrioIato
412 1755 455 1790 in
490 1753 663 1790 Vitrum
697 1753 831 1790 viride
857 1783 868 1802 ‚
915 1754 1008 1809 abit.
1093 1753 1253 1794 Eodem
1286 1753 1423 1796 corore

153 1817 347 1866 gaudebat
383 1814 545 1853 vitrum
580 1826 633 1852 ex
668 1812 747 1852 hoc
784 1814 915 1866 lapide
949 1824 990 1853 et
1007 1815 1181 1856 arsenico
1200 1815 1290 1858 fixo
1323 1831 1422 1860 con-

153 1879 310 1919 flatum.
378 1876 500 1928 Lapis
533 1887 633 1915 cum
688 1875 853 1927 Argilla
904 1875 1019 1928 sola,
1071 1889 1142 1919 nec
1193 1891 1275 1919 non
1325 1894 1422 1923 cum

140 1939 318 1994 'Arg‘lla
351 1949 391 1980 et
427 1938 621 1981 Smectite
656 1938 780 1982 simul
834 1940 941 1982 fusus
965 1972 975 1991 ‚
1011 1940 1174 1982 vitrum
1209 1943 1317 1985 dedit
1342 1947 1420 1986 du-

152 2020 248 2049 rum
274 2037 284 2057 ‚
317 2017 415 2045 cum
445 2003 612 2056 chalybe
647 2003 837 2046 scintillas
869 2005 1068 2059 spargenS.
1127 2007 1197 2048 Ex
1228 2006 1293 2048 his.
1330 2010 1422 2052 Ex-

154 2069 392 2126 perimentis
426 2068 670 2122 AnalogIam
714 2069 910 2122 insignem
962 2071 1127 2126 Lapidis
1181 2068 1420 2126 Nephritici

154 2147 253 2177 cum
287 2133 518 2177 Amiantho
545 2144 585 2178 et
618 2134 782 2179 Asbesto
822 2134 983 2178 deducit
1033 2144 1074 2177 et
1114 2138 1420 2193 comprobatam

718 2211 747 2254 g
783 2213 808 2252 3
1287 2204 1418 2246 credit
