1972 2652
568 259 664 310 ὸ398
960 249 1447 301 HISTORIA

715 431 748 472 1.
779 428 841 471 Ad
877 428 1065 470 menstrua
1090 430 1203 471 fluida
1222 431 1321 484 quod
1340 430 1495 484 attinet,
1520 428 1633 486 Aqua
1650 428 1833 486 destinata

561 494 756 548 vulgaris,
797 502 978 546 tanquam
1015 495 1250 535 menstruum
1297 495 1607 548 simplicissimum
1641 507 1680 537 et
1729 495 1831 536 debi-

562 558 740 600 liffimum
763 588 777 609 ‚
810 557 925 610 lapidi
957 557 1084 598 nostro
1114 558 1287 610 superfusa
1309 591 1320 611 ,
1353 572 1473 614 neque
1501 559 1737 600 emolliendo
1769 571 1837 599 ne·

562 634 636 676 que
669 621 906 662 extrahendo
938 621 1137 675 quicquam
1171 620 1298 661 effecit
1323 652 1335 675 ,
1379 623 1505 664 multo
1537 624 1661 663 minus
1694 622 1845 663 soluenm

563 686 617 727 do
649 684 767 726 vllam
801 685 885 725 vim
919 684 958 723 in
989 685 1158 738 lapidem
1193 685 1360 725 nostrum
1414 687 1614 738 exercuit,
1664 687 1837 740 quamuis

564 761 643 790 non
678 748 887 803 digerendo
917 756 1065 787 tantum
1088 778 1100 797 ‚
1151 759 1285 789 verum
1327 750 1442 790 etiam
1476 752 1703 803 coquendo,
1751 761 1836 790 rem

564 813 824 863 tentauerim3
858 823 927 862 per
959 810 1129 851 chartam
1163 812 1267 851 enim
1310 812 1479 853 bibulam
1515 814 1745 867 puriffimam
1780 813 1839 853 fi}-

568 883 664 914 trata
696 883 734 915 et
767 874 867 914 lente
900 885 1100 928 euaporata
1120 903 1132 925 ‚
1165 885 1284 928 neque
1318 884 1474 923 terreas,
1495 888 1617 928 neque
1637 876 1779 925 salinas,
1799 876 1837 914 in

568 937 656 978 vase
686 937 836 992 reliquit
878 947 1015 991 partes.
1093 937 1211 991 Lapis
1256 937 1523 992 puluerifatus,
1573 947 1654 978 tam
1687 938 1840 990 crudum,

566 1012 684 1053 quam
716 1002 915 1042 calcinatus
937 1031 949 1052 ‚
988 1002 1127 1042 eodem
1166 1002 1290 1043 modo
1321 1002 1516 1054 trafiatus,
1549 991 1686 1043 eadem
1721 1013 1841 1043 mon-

568 1063 697 1105 strauit
728 1064 1011 1119 phaenomena.

1141 1127 1177 1175 §·
1224 1137 1268 1172 ἐ.

719 1188 854 1231 Oleum
884 1187 1038 1233 vitriolz·
1070 1188 1196 1231 album
1214 1224 1226 1246 ,
1263 1202 1340 1233 tam
1373 1193 1492 1233 crudo
1523 1204 1634 1245 quam
1655 1191 1842 1233 calcinato

568 1250 686 1305 lapidi
705 1253 862 1294 affusum
880 1282 890 1302 ‚
928 1254 1040 1306 plane
1060 1254 1245 1295 intfflstum
1275 1256 1381 1296 illum
1402 1257 1608 1309 relinquit,
1641 1256 1707 1297 nifi
1740 1256 1840 1310 quod

570 1326 678 1356 certo
711 1320 837 1357 modo
867 1317 1067 1370 coagulum
1090 1318 1305 1371 quoddam,
1336 1319 1399 1359 vel
1417 1320 1635 1372 gelatinam,
1654 1331 1742 1360 cum
1759 1319 1842 1374 pul-

571 1380 732 1418 verisato
762 1380 965 1420 constituat
984 1411 994 1430 ,
1046 1388 1085 1418 et
1116 1382 1241 1421 nescio
1271 1395 1387 1436 quem
1439 1382 1601 1423 moscho
1649 1384 1841 1423 aemulum

573 1439 737 1479 odorem
770 1441 937 1481 exhalet.
1015 1440 1150 1482 Affufis
1180 1453 1313 1484 tamem
1344 1446 1461 1485 tribus
1492 1458 1608 1497 aquae
1641 1445 1843 1484 destinatae

577 1504 773 1556 partibus,
823 1504 849 1545 fi
889 1505 934 1546 ad
969 1505 1115 1558 pondus
1147 1506 1223 1546 olei
1258 1508 1398 1548 vitrioli
1427 1507 1588 1547 adhibiti
1623 1507 1843 1558 respicitur-2

576 1578 714 1619 parum
744 1569 945 1619 extraxit,
995 1569 1034 1607 in
1065 1579 1143 1609 tam
1177 1581 1287 1621 parca
1321 1581 1452 1611 tamen
1503 1571 1708 1623 quantitate
1729 1600 1742 1620 ‚
1799 1577 1843 1607 vt

574 1641 626 1668 ne
660 1630 835 1669 colorem
867 1630 1020 1684 quidem
1065 1632 1246 1672 menstrui
1299 1633 1503 1673 mutauerit
1523 1662 1535 1682 ‚
1587 1633 1731 1684 quippe
1764 1631 1846 1684 qui,

575 1692 660 1747 post
691 1692 846 1746 longam
880 1705 1038 1748 eamque
1068 1695 1208 1736 fortem
1245 1696 1492 1749 digestionem
1513 1726 1524 1745 ,
1567 1693 1669 1734 albus
1700 1702 1738 1732 et
1771 1705 1843 1746 pu-

572 1755 706 1797 xiffimi
737 1756 855 1797 laticis
887 1757 996 1798 instar
1029 1769 1261 1810 permanet,
1316 1762 1415 1813 quod
1468 1757 1632 1797 omnino
1682 1756 1839 1797 dubium

578 1832 731 1859 mouere
766 1821 907 1873 potest,
934 1834 974 1861 et
1009 1821 1148 1861 merito
1179 1823 1291 1862 debet
1310 1855 1320 1874 ,
1353 1823 1445 1863 sitne
1477 1822 1569 1862 basis
1601 1821 1732 1874 lapidis
1771 1831 1842 1859 ne-

577 1884 728 1935 phritici
748 1912 759 1928 ,
806 1885 944 1925 indolis
975 1885 1190 1937 arginaceae
1214 1918 1225 1939 ‚
1257 1887 1293 1926 id
1327 1888 1427 1939 quod
1458 1886 1676 1938 complures
1712 1882 1843 1938 perhi-

576 1946 759 1997 buerunt,
792 1960 867 1988 non
901 1952 1008 2001 pauci
1040 1948 1280 1989 strenuissime
1310 1959 1496 2002 negarunt.
1565 1949 1708 1988 Verum
1731 1947 1839 1987 enim

576 2018 677 2047 'vero
709 2011 871 2051 nostram
908 2013 1004 2052 hanc
1036 2011 1140 2051 litem
1176 2025 1253 2052 non
1289 2011 1498 2063 faciemus,
1544 2025 1631 2052 cum
1668 2012 1838 2051 nondum

576 2071 660 2111 satis
690 2072 736 2110 de
768 2073 1031 2114 clmrae³ceribus
1064 2074 1236 2128 specificis
1274 2088 1516 2128 corporum,
1555 2076 1731 2129 inprimis
1764 2074 1840 2114 mi-

579 2134 773 2184 nei-alium,
792 2139 1020 2187 generalibus
1039 2139 1192 2179 constet.
1239 2138 1283 2181 Si
1319 2141 1420 2179 euim
1456 2141 1645 2180 induratio
1676 2140 1716 2179 in
1751 2139 1840 2196 igne

577 2197 839 2240 charaCtercm
891 2209 1009 2241 tetrae
1059 2203 1243 2256 argillosa:
1298 2204 1518 2260 constituit,
1569 2204 1664 2259 lapis
1717 2201 1840 2241 noster

1679 2264 1841 2305 multum
