1972 2652
434 240 1114 294 ETASTEths.
1310 256 1397 300 417

134 373 257 411 centro
289 360 415 418 verfits
441 361 728 419 periphaeriam
760 365 1017 406 excurrentes,
1048 366 1295 412 nonnunquam
1327 360 1403 399 cir-

138 431 230 472 culos
252 460 264 481 ,
295 430 509 486 referentes.

289 491 468 534 Entrochi
488 487 576 544 fitnt
608 487 789 531 columnae
819 486 1055 542 cylindricae,
1089 498 1136 528 ex
1168 484 1308 527 trachis
1341 484 1404 525 aba·

139 559 291 599 inuicem
323 554 607 598 incumbentibus
640 553 862 607 compofitae.

286 621 456 674 Asteriae
478 615 564 671 sunt
604 614 726 671 lapilli
773 614 981 670 plerumque
1030 611 1365 669 quinquangulares
1390 637 1403 662 ,

141 684 320 726 interdum
350 682 535 738 perforati
557 712 567 731 ,
616 691 680 719 non
713 689 804 718 raro
835 691 924 719 vero
942 674 1084 731 solidi,
1147 679 1185 717 in
1206 674 1405 731 superficie

141 747 271 798 (idlae,
305 746 370 786 ‘vel
385 747 500 799 floris
525 740 765 798 pentapetali‚
799 744 896 781 icone
929 741 1099 792 infigm'ti.

291 810 464 864 Asteriae
503 805 729 848 columnares
757 800 844 857 fimt
881 802 1076 854 columnae,
1109 814 1157 843 ex
1203 800 1405 843 huiusmodi

140 871 293 926 Asteriis
326 871 549 924 compofitae.

286 934 350 975 Ex
383 934 442 974 his
475 930 681 987 praemiffis
723 929 1003 972 definitionibus
1050 937 1230 985 apparet,
1263 928 1406 970 Entro-

143 998 234 1040 thos
265 1008 303 1039 et
335 998 500 1038 Asterias
533 1008 610 1036 non
642 994 709 1035 niss
741 994 865 1035 forma
906 1004 1054 1036 externa
1103 1006 1121 1034 a
1155 993 1188 1033 se
1236 993 1406 1033 inuicem

139 1062 285 1103 differre
309 1094 320 1116 ‚
369 1073 458 1102 cum
509 1059 580 1100 hae
630 1058 778 1112 semper
817 1058 1019 1111 polyedrae
1040 1089 1051 1110 ‚
1104 1055 1189 1096 illae
1224 1056 1405 1097 rotundae

143 1134 329 1179 perpetuo
361 1126 616 1165 obseruentur.

289 1185 636 1227 Determinandum
669 1196 768 1224 nunc
800 1184 872 1224 erit
902 1185 1096 1226 vndenam
1144 1183 1262 1224 ambo
1308 1182 1406 1223 haec

142 1250 344 1305 petrefaeca
364 1250 550 1302 originem
586 1248 785 1297 traxerint,
818 1257 856 1287 et
891 1249 936 1288 ad
970 1248 1160 1302 quodnam
1194 1260 1313 1301 genus
1346 1258 1407 1286 re-

141 1316 291 1354 ferenda
321 1314 400 1354 fint.
497 1311 623 1350 Paucis
656 1310 813 1360 dicam,
843 1324 936 1364 quae
967 1324 1053 1352 mea
1084 1311 1132 1351 de
1164 1312 1217 1350 eis
1249 1311 1293 1350 fit
1327 1309 1409 1350 sen-

151 1379 284 1417 tentia.
349 1377 470 1418 Partes
502 1376 581 1413 [unt
615 1373 864 1414 Encrinorum
885 1405 896 1424 ,
947 1373 1108 1415 Encrini
1144 1385 1238 1412 vero
1271 1372 1407 1424 species

146 1441 333 1479 stellarum
383 1438 612 1480 marinarum
666 1434 890 1488 petrefastae
915 1466 927 1486 ,
975 1437 1084 1488 idque
1134 1446 1281 1485 earum,
1314 1446 1408 1489 quae

140 1502 289 1555 petiolo
322 1501 541 1540 innituntur.
608 1499 681 1538 Pro
716 1498 790 1539 hoc
825 1498 958 1539 afferto
1008 1500 1192 1539 dimicant

183 1581 188 1586 ·
255 1568 297 1615 a)
333 1563 489 1605 Encrini
522 1561 714 1614 petrefatsti
747 1572 785 1601 et
819 1562 968 1615 petiolo
1001 1562 1197 1613 instmffl,
1247 1564 1311 1615 qui
1366 1562 1408 1603 in

142 1626 471 1678 minerophylacio
507 1623 800 1676 locupletiffimo
839 1623 879 1663 S.
903 1626 956 1666 R.
975 1625 1037 1665 M.
1070 1626 1207 1665 Polon.
1236 1624 1407 1665 Dresdae

144 1688 380 1737 metuantur,
414 1687 476 1727 vbi
511 1698 588 1725 non
621 1695 767 1726 tantum
801 1688 972 1738 rotunda,
1006 1699 1143 1728 verum
1175 1687 1290 1726 etiam
1311 1699 1409 1741 pen-

144 1759 287 1802 tagona
320 1750 457 1802 petiola
491 1749 707 1803 articulata,
740 1752 827 1802 quin
860 1750 987 1791 immo
1021 1749 1406 1804 articulationesipsae

145 1815 305 1854 visuntur
326 1844 336 1863 ‚
389 1812 498 1852 omni
549 1812 669 1851 modo
702 1812 917 1854 Eutrochos
948 1823 985 1853 et
1019 1813 1181 1854 Asterias
1209 1812 1407 1854 columna-

146 1889 203 1916 res
233 1877 445 1916 referentes.
529 1874 771 1914 Mentionem
804 1875 943 1916 horum
976 1875 1255 1930 exemplarium
1307 1875 1408 1917 fece-

146 1950 232 1980 runt
267 1937 602 1980 Excellentiffimus
636 1936 827 1978 Dominus
858 1937 1096 1980 Confiliarius
1127 1939 1334 1980 metallicus
1366 1949 1406 1982 et

146 2001 337 2057 Inspestor
371 2001 513 2042 Musaei
546 2002 657 2054 Regii
701 2000 943 2054 Dresdenfis,
981 2002 1186 2057 Eilenburg‚
1239 2000 1320 2058 (m)
1369 2011 1408 2043 et

1296 2063 1406 2106 Cele-

195 2194 262 2246 (m)
287 2196 546 2245 Description’du
571 2196 699 2235 Cabinet
724 2197 819 2235 Ro'ial
847 2201 886 2238 de
909 2197 1029 2236 Dresde
1055 2211 1086 2246 p.
1113 2211 1169 2244 27.

207 2259 328 2301 Tom.
341 2262 400 2302 X.
414 2263 521 2305 Nou.
535 2260 696 2306 Comm.
960 2259 1000 2306 G
1017 2276 1044 2318 g
1061 2276 1086 2319 g
1347 2287 1357 2313 ι
