1972 2652
505 232 623 286 »ἓξὲξ
656 229 671 288 )
703 243 733 274 0
765 228 781 281 <
812 230 933 284 Q«
1323 243 1351 282 9

93 357 148 399 go
181 342 369 387 omnibus
398 343 543 387 casibus
577 347 793 398 integratio
821 346 1006 400 expedita
1046 344 1099 388 est
1138 344 1353 397 censenda;

92 423 145 452 ex
175 423 258 464 quo
291 409 388 450 haec
422 411 676 463 inuestigatio
708 411 866 452 calculo
897 409 1086 464 integrali
1119 409 1228 454 haud
1260 408 1354 451 leue

92 474 391 518 incrementum
426 475 597 519 attulisse
629 477 681 520 est
713 475 958 519 aestimanda.

692 626 757 670 11.

228 731 527 790 Elementa
571 728 790 787 Calculi
835 727 1212 789 variationum

637 859 685 891 et
720 848 816 890 111.

92 942 405 1026 Analytica
460 941 771 1022 explicatio
841 937 1102 1000 methodi
1169 940 1353 1004 Maxi-

330 1047 559 1090 morum
606 1038 668 1086 et
711 1026 1102 1090 Minimorum.

92 1159 348 1217 Audiore
393 1161 575 1212 Leon.
610 1162 818 1211 Eulero
840 1176 969 1232 pag.
1019 1118 1198 1229 51.,et
1239 1180 1350 1236 94.

91 1288 206 1404 Iam
248 1308 338 1340 ante
377 1298 686 1340 celeberrimum
729 1300 935 1353 problema
984 1299 1352 1354 isoperimetricum

120 1406 123 1408 ,
175 1364 340 1417 insignia
375 1365 565 1418 quaedam
600 1365 819 1417 specimina
854 1364 934 1404 huc
971 1365 1352 1419 pertinentiaaGe·

91 1430 261 1469 ometris
292 1429 382 1470 sunt
413 1430 517 1469 edita
536 1460 546 1479 ,
581 1441 676 1469 cum
696 1429 977 1483 antiquissimis
1009 1430 1089 1469 iam
1124 1430 1244 1469 fuerit
1275 1442 1352 1471 ex·

93 1492 313 1547 ploratum,
331 1493 533 1535 circulum
566 1494 671 1534 inter
703 1506 842 1534 omnes
876 1494 970 1533 alias
993 1493 1144 1545 figuras
1173 1495 1260 1548 pari
1278 1508 1359 1549 pez

88 1559 260 1599 rimetro
292 1559 461 1601 inclusas
494 1558 720 1600 maximam
755 1570 888 1598 aream
937 1558 1174 1612 comple&i;
1226 1571 1350 1612 quam

87 1624 252 1677 quidem
286 1626 579 1678 proprietatem
613 1635 664 1664 ex
696 1622 839 1663 circuli
874 1633 1014 1663 natura
1045 1621 1350 1673 concluserunt,

90 1687 261 1729 minime
295 1702 393 1729 vero
427 1690 551 1743 ipsam
586 1689 856 1742 quaestionem
889 1688 1039 1728 dired'oe
1072 1687 1233 1739 aggredi
1258 1688 1349 1728 sunt

89 1751 194 1802 aufi,
235 1762 281 1792 vt
315 1755 419 1793 inter
453 1764 596 1794 omnes
630 1752 780 1801 figuras
812 1753 967 1801 aequali
1001 1752 1222 1802 perimetro
1264 1762 1349 1792 ter-

93 1816 261 1852 minatas
300 1829 389 1851 eam
431 1815 748 1859 inuestigarent‚
799 1822 899 1861 quae
941 1813 1167 1851 maximam
1216 1826 1349 1855 aream

90 1874 322 1914 includeret.
391 1871 497 1910 Haec
530 1871 679 1911 scilicet
719 1872 896 1924 quaestio
938 1873 1057 1911 nimis
1098 1873 1152 1912 est
1194 1875 1349 1927 ardua,

90 1951 211 1991 quam
246 1944 293 1976 vt
326 1944 416 1975 ante
451 1935 648 1987 insignem
693 1934 837 1975 calculi
873 1935 1132 1977 infinitorum
1177 1951 1346 1991 promo-

92 2005 244 2043 t'onem
276 1999 323 2038 de
356 2012 400 2038 ea
434 1998 572 2040 saltem
615 1999 788 2051 cogitare
831 2000 1011 2041 licuisset.
1102 2002 1206 2042 Mox
1247 2017 1347 2046 vero

92 2066 233 2120 primis
284 2062 392 2118 quasi
444 2065 554 2104 iaffis
602 2064 725 2104 huius
787 2064 931 2107 calculi
982 2068 1251 2108 fundamentis
1301 2069 1347 2109 ab

93 2129 317 2170 acutissimo
358 2127 519 2169 Iohanne
572 2126 757 2169 Bernoulli
806 2128 976 2184 quaestio
1022 2131 1068 2170 de
1114 2130 1345 2184 brachysto-

92 2193 253 2234 chronis
287 2190 509 2235 felicissimo
540 2190 707 2234 successu
741 2193 794 2235 est
828 2193 1031 2235 resoluta:
1073 2196 1225 2250 quippe
1266 2209 1344 2250 qua

124 2257 612 2299 Tom.X.Nou.Comm.
802 2259 827 2299 b
1238 2260 1342 2301 inter
