1972 2652
593 183 979 238 sozAltt.
1110 227 1126 240 .
1319 203 1404 245 30¹

142 318 214 361 que
250 303 412 347 inseritur
452 304 559 357 alter,
594 305 749 346 interior
775 302 973 348 CDEF‚
1010 303 1250 358 microscopii
1292 317 1411 360 appa-

142 379 222 411 ratu
271 368 479 410 instructus.
563 369 708 410 Fundus
749 368 823 411 EF
865 368 1052 423 speculum
1087 380 1296 410 concauum
1342 382 1410 411 nm

139 433 180 473 in
211 435 342 474 medio
378 433 610 486 perforatum
661 433 786 474 fixum
841 442 974 484 tenet,
1025 432 1207 485 fimulque
1253 433 1412 475 cochlea

139 508 306 537 concaua
341 497 391 536 est
425 498 627 550 praeditus,
643 510 712 551 qua
748 497 941 538 mediante
973 496 1266 549 microlcopium
1293 495 1410 547 GH,

137 560 295 601 cochlea
328 560 441 601 {elida
478 562 614 614 pariter
647 560 860 614 praeditum
882 593 892 612 ,
923 561 1048 600 eidem
1084 560 1188 598 inseri
1211 593 1222 611 ‚
1264 572 1307 600 ac
1346 572 1411 601 an·

141 623 296 664 trorsum
351 624 414 664 vel
457 624 657 665 retrorsum
709 624 854 664 moueri
903 622 1040 676 potest.
1138 622 1270 663 Discus
1300 635 1338 675 0,
1369 624 1408 664 in

139 698 215 740 quo
262 686 408 727 obiesta
459 688 540 729 sunt
589 686 806 740 affigenda,
854 697 942 725 cum
977 683 1113 723 duabus
1147 686 1210 724 alls
1237 693 1319 739 pq,
1359 698 1409 729 rs

137 749 193 789 est
223 750 449 790 coniunctus
468 779 478 799 ‚
509 751 578 800 ita,
612 758 654 788 vt
683 747 789 787 fimul
822 748 961 787 sumtae
994 747 1147 788 vnicum
1182 748 1408 789 constituant

135 809 314 863 frustum,
344 813 391 851 ad
427 815 480 852 12⁰.
519 823 542 849 2
578 821 615 851 et
650 824 672 861 3
708 811 1045 863 repraesentatum,
1077 811 1178 864 quod
1200 842 1211 862 ‚
1244 811 1407 853 obiectis

134 873 174 915 in
206 873 307 915 disco
340 875 441 929 prius
472 873 597 916 affixis
616 906 628 927 ‚
659 875 700 915 in
734 874 865 915 tubum
902 874 1130 915 transuerfim
1164 875 1398 917 immittitur.

134 936 200 978 Ad
236 943 290 979 tv
325 937 404 979 sunt
452 939 642 990 elatem,
688 939 753 992 qui
785 937 889 978 illam
922 938 1062 979 sursum
1112 938 1175 979 vel
1225 940 1401 981 deorsum

132 1001 246 1055 dirigi
278 1003 384 1056 poffe
415 1004 570 1056 quidem
605 1002 754 1052 fluunt,
801 1001 861 1042 sed
899 1002 1182 1043 vacillationem
1233 1003 1399 1045 eiusdem

132 1064 243 1107 fimul
275 1065 504 1118 impediunt.
569 1066 768 1107 Interioris
798 1065 878 1105 tubi
911 1064 1145 1107 foraminum
1178 1065 1293 1107 latera
1325 1077 1401 1115 tra-

133 1127 287 1167 beculae
330 1127 502 1168 lateribus
549 1136 720 1169 accurate
772 1128 976 1182 adiacent,
1023 1127 1222 1169 exterioris
1267 1137 1396 1170 autem

132 1189 318 1230 foramina
359 1203 402 1241 x,
415 1204 471 1244 y,
502 1191 624 1246 magis
653 1191 735 1230 sunt
766 1201 928 1244 aperta,
960 1203 1007 1232 ac
1038 1191 1190 1246 quidem
1221 1202 1309 1231 cum
1348 1193 1398 1232 ob

133 1253 251 1294 finem
273 1283 287 1304 ‚
320 1264 365 1294 vt
396 1254 548 1295 interior
580 1254 686 1295 tubus
725 1253 803 1294 fine
846 1255 1132 1307 impedimento
1184 1255 1394 1296 antrorsum

129 1317 196 1358 vel
228 1315 431 1358 retrorsum
462 1317 601 1371 dirigi.
652 1328 694 1357 ac
725 1329 800 1371 per
826 1319 1058 1370 consequens>
1102 1315 1235 1371 speculi
1288 1319 1398 1360 focus

129 1380 178 1422 ad
195 1380 339 1423 dxscum
373 1380 434 1423 vel
465 1380 667 1424 admoueri
694 1380 758 1423 vel
787 1379 839 1423 ab·
867 1381 1009 1423 eodem
1039 1380 1233 1424 remoueri
1266 1381 1398 1436 poffit,

729 2219 760 2263 P
779 2233 806 2277 p
842 2231 866 2272 ³
1156 2215 1378 2264 METRO-
