1972 2652
561 181 651 222 288
773 168 1615 220 OBSERVATIONES

560 290 720 332 dissitum
756 287 921 328 distincte
953 286 1187 340 conspiciat,
1238 299 1370 330 neruos
1401 288 1521 332 redire
1554 299 1642 330 eum
1678 285 1718 328 in
1757 287 1830 331 sta-

561 363 660 404 tum,
692 364 804 405 quem
843 351 1009 403 habent,
1036 353 1063 392 ss
1097 363 1172 392 non
1206 351 1440 402 afficiuntur,
1472 353 1667 407 pristinum
1699 363 1828 393 autem

562 429 662 458 mox
693 427 915 467 recuperare
951 415 1084 455 statum
1110 444 1123 467 ‚
1173 415 1200 457 fi
1232 417 1359 457 oculus
1390 417 1425 456 se
1455 418 1584 458 denuo
1614 415 1725 457 aliter
1776 416 1828 456 di-

561 479 703 532 sponit.
770 479 837 518 Ast
869 490 1024 528 vereor,
1057 490 1105 518 ne
1137 478 1176 519 in
1207 491 1353 520 errores
1382 481 1580 531 incidam,
1611 479 1639 519 fi
1673 478 1831 532 conclu·

561 542 683 584 slones
714 543 896 583 deducere
945 555 1099 597 pergam
1125 574 1137 595 ,
1185 543 1391 596 spec‘tantes
1441 542 1639 583 materiam
1662 571 1675 592 ,
1734 553 1831 595 quae

563 606 724 646 tenebris
776 606 917 646 tamdiu
969 607 1135 647 inuoluta
1167 605 1238 646 erit
1258 634 1270 651 .
1321 605 1521 660 quamdiu,
1570 606 1610 644 in
1661 615 1830 657 quonam

563 670 727 722 praecise
778 668 972 722 impreffio
1023 669 1114 710 lacis
1171 673 1209 713 in
1240 682 1373 715 neruos
1403 668 1539 714 vifioni
1572 665 1836 711 subsetuientes

562 731 762 785 consistat,
795 732 1024 786 ignoramus.

876 831 1396 905 oBsERvAi1o
1461 861 1516 904 u
1810 844 1827 907 j

697 967 804 1027 De
876 967 1165 1028 maculis
1228 972 1447 1050 nigris
1512 969 1715 1030 oculo

911 1059 1492 1123 obuolitantibuS.

712 1178 940 1224 Notiffimus
973 1180 1027 1221 est
1063 1181 1250 1235 morbus,
1295 1194 1372 1236 quo
1403 1193 1489 1224 ante
1536 1182 1719 1238 oculum,
1759 1181 1829 1224 ob·

567 1243 705 1285 ieCmm
739 1244 926 1297 quoddam
962 1244 1087 1283 album
1136 1254 1199 1284 aut
1252 1245 1413 1286 lucidum
1466 1247 1794 1300 contemplantem
1818 1275 1831 1300 ‚

565 1308 865 1347 circumuolitaxe
898 1305 1070 1344 videntur
1125 1306 1293 1346 maculae
1348 1312 1506 1360 nigrae,
1563 1311 1723 1351 eandem
1758 1310 1833 1348 fere

567 1369 814 1423 producentes
866 1371 1159 1420 apparentiam,
1207 1370 1306 1422 quati
1356 1372 1503 1410 muscae
1544 1372 1660 1410 aliaue
1693 1371 1832 1410 inseeta

568 1432 786 1484 nigricantia
837 1432 934 1470 inter
981 1430 1176 1472 obiectum
1210 1445 1252 1472 ac
1283 1432 1436 1472 oculum
1470 1432 1830 1472 circumuolitatent.

571 1494 839 1548 Quaesiuerunt
893 1491 1119 1533 infirmitatis
1169 1495 1365 1534 oculorum
1401 1493 1505 1534 huius
1535 1495 1716 1545 causam,
1767 1506 1832 1534 an-

570 1565 722 1609 tequam
759 1569 848 1596 vera
882 1556 1030 1595 visionis
1065 1556 1292 1594 oeconomia
1336 1555 1506 1594 distincte
1553 1556 1636 1594 satis
1683 1557 1832 1607 cognita

567 1629 644 1659 crat
667 1651 677 1670 ‚
709 1620 942 1659 medicorum
979 1617 1170 1670 plerique,
1200 1619 1237 1657 in
1270 1617 1456 1670 particulis
1489 1617 1706 1670 quibusdam
1739 1629 1834 1669 opa-

567 1683 621 1722 cis
651 1682 803 1722 humori
838 1691 958 1733 aqueo
988 1680 1173 1721 admixtis
1202 1691 1242 1720 et
1276 1680 1536 1720 inmutantibus.
1626 1679 1703 1720 Alii
1734 1692 1831 1733 opa-

569 1745 721 1786 citatem
767 1745 997 1799 quarundam
1030 1743 1144 1784 lentis
1200 1744 1430 1795 crystallinae
1473 1744 1637 1798 partium
1688 1744 1832 1783 accusa-

571 1819 656 1847 runt
678 1839 689 1859 ‚
724 1811 877 1848 tandem
911 1818 1006 1846 vero
1039 1819 1079 1846 ea
1116 1808 1315 1860 praeualnit
1350 1807 1506 1860 opinio,
1539 1819 1632 1861 quae
1665 1818 1715 1846 ex
1748 1819 1830 1859 par.-

571 1871 666 1910 tibus
699 1870 915 1923 quibusdam
951 1869 1096 1910 tunicae
1128 1872 1269 1911 retinae
1303 1871 1506 1909 sensatione
1543 1871 1678 1910 orbatis
1698 1900 1708 1920 ,
1757 1869 1832 1910 fine

572 1933 729 1987 paralysi
762 1934 928 1984 affectis,
983 1934 1162 1973 morbum
1198 1935 1297 1974 hunc
1331 1933 1514 1984 deducit,
1562 1936 1598 1974 in
1629 1944 1697 1985 qua
1739 1943 1831 1985 quo·

571 2007 645 2048 que
693 1995 876 2048 opinione
931 1994 1237 2051 Celeberrimus‚
1278 2008 1392 2052 quem
1426 1997 1527 2051 supra
1560 1996 1748 2050 allegam,
1781 1994 1833 2037 est

569 2058 758 2115 Btffonus.

1693 2187 1826 2246 Quan-
