1972 2652
615 263 703 314 396
997 250 1493 303 HISTORIA

730 370 800 425 12)
835 369 1062 421 Plerumque
1095 368 1208 422 Lapis
1237 369 1485 422 serpentinus,
1521 367 1769 420 Ami-anthus,
1794 368 1866 414 As-

607 438 750 486 benus,
793 433 953 472 Talcum
987 432 1073 482 quin
1108 435 1144 477 eit
1175 432 1361 475 Gramathi
1394 434 1490 473 inter
1522 430 1555 472 se
1586 433 1758 486 proximi
1789 433 1870 472 suut

603 500 716 540 vicini
738 529 748 548 ,
781 497 818 536 id
852 495 954 549 quod
985 497 1030 536 de
1063 507 1194 537 eorum
1230 496 1565 548 homogeueitate,
1617 497 1641 536 si
1675 497 1725 537 ita
1759 494 1866 549 loqui

600 562 652 601 fas
701 561 753 601 est
775 593 786 614 ‚
838 559 1097 600 testimonium
1150 573 1228 599 non
1285 561 1467 612 exiguum
1499 560 1669 600 exhibet.
1753 557 1867 612 Quod

601 625 786 677 reliquum
839 623 889 663 est
928 655 940 673 ‚
1012 623 1050 662 in
1100 622 1373 676 experimentis
1424 635 1522 663 nunc
1568 622 1869 673 enumerandis,
1922 624 1925 625 ⁷

600 688 724 741 lapide
757 685 970 739 nephritico
1011 684 1235 733 Saxonico,
1275 683 1436 725 Sibirico
1460 718 1471 737 ‚
1521 685 1698 726 Silefiaco
1719 717 1730 736 ‚
1785 683 1868 725 Bo-

601 752 760 791 hemico
794 754 875 790 vius
909 749 985 788 sum
1008 781 1018 799 ,
1052 750 1104 788 ita
1137 759 1266 789 tamen
1290 781 1302 801 ‚
1336 761 1378 788 vt
1412 750 1557 803 semper
1592 749 1783 803 puriffima
1813 748 1867 789 se·-

600 814 761 865 legerim
797 812 902 853 frusta
923 844 934 862 ,
982 821 1020 851 et
1052 813 1100 852 src
1132 811 1224 852 haec
1259 813 1392 852 omnia
1441 821 1480 851 et
1529 813 1665 865 singula
1723 814 1867 853 ratione

599 874 673 916 loci
705 877 834 917 natalis
865 874 1004 915 diuers-i
1040 875 1305 927 exemplaria,
1361 874 1471 913 vnius
1512 876 1753 927 eiusdemque
1803 887 1866 914 m-

600 947 705 979 turae
741 940 841 989 effe,
890 940 1056 991 cognoui
1082 969 1093 989 ‚
1138 939 1262 991 paucis
1291 936 1574 978 circumstantiis
1607 940 1778 991 exceptis
1797 965 1807 981 ‚
1839 938 1869 979 [ι

599 1003 871 1055 experimentis
904 999 1104 1052 Chymicis
1137 1010 1376 1050 exponantur
1473 1002 1521 1041 Et
1551 1001 1645 1042 haec
1678 1001 1870 1042 lestorem

598 1063 687 1106 scire
719 1065 838 1121 volui.
904 1062 1074 1118 Sequitur
1105 1076 1268 1106 examen
1302 1065 1541 1118 chymicum.

1149 1195 1184 1243 §.
1249 1196 1292 1234 6.

744 1265 791 1309 In
825 1267 1084 1309 examinando
1117 1268 1242 1320 lapide
1276 1266 1404 1308 nostro
1433 1264 1686 1322 nephriticiO,
1717 1265 1868 1320 sequeng

594 1339 631 1374 te
662 1331 742 1372 Vsus
773 1332 853 1372 sum
888 1331 1077 1372 methodo
1104 1360 1116 1382 ,
1148 1341 1192 1370 vt

748 1409 791 1463 ι)
824 1409 1015 1449 Menstrua
1049 1410 1165 1449 fluida

742 1480 786 1536 2)
821 1479 914 1520 Salia
949 1479 1041 1519 sicca

740 1555 785 1610 3)
820 1555 997 1608 Corpora
1033 1555 1134 1596 vatia
1171 1555 1295 1596 mixta

593 1636 632 1676 in
665 1634 862 1676 subsidium
894 1634 1066 1676 laborum
1103 1647 1279 1675 meorum
1315 1635 1534 1676 vocauerim
1561 1666 1572 1686 ,
1611 1644 1649 1675 et
1689 1647 1736 1676 ne
1773 1635 1862 1689 quid

592 1700 724 1739 erroris
754 1699 1040 1739 committerem
1062 1730 1073 1749 ,
1107 1711 1183 1738 non
1217 1700 1375 1739 crudum
1409 1708 1556 1737 tantum
1591 1697 1771 1750 lapidem,
1795 1710 1861 1738 ve-

592 1775 676 1802 rum
714 1763 828 1803 etiam
860 1763 1108 1814 calcia-atum,
1152 1763 1317 1802 examini
1359 1761 1537 1810 submisi,
1573 1770 1610 1799 et
1651 1773 1860 1814 propemo-

592 1826 684 1865 dum
720 1825 878 1866 eosdem
928 1835 1083 1865 euentus
1133 1826 1303 1865 laborum
1353 1836 1528 1864 meorum
1582 1824 1622 1863 in
1677 1825 1861 1878 ambobus

590 1899 768 1940 expertus
800 1890 891 1929 sum.
962 1888 1006 1928 Iu
1039 1889 1272 1941 praecedenti
1315 1888 1348 1935 ὕ.
1386 1889 1539 1927 iamiam
1585 1891 1752 1939 monui,
1794 1898 1858 1927 me

592 1957 739 1990 tantum
776 1951 962 2004 purissima
995 1950 1105 1992 frusta
1140 1950 1347 1992 adhibuiffe
1373 1982 1384 2004 ‚
1417 1960 1565 1990 tantum
1597 1951 1705 1991 enim
1741 1950 1861 1994 abest,

591 2021 636 2050 vt
668 2013 812 2065 semper
847 2027 958 2067 purus
987 2014 1049 2055 hic
1083 2015 1178 2068 lapis
1211 2014 1388 2054 obueniat
1407 2045 1418 2064 ,
1450 2023 1492 2053 vt
1527 2015 1651 2066 potius
1682 2015 1856 2068 plerum-

587 2087 659 2127 que
695 2087 787 2115 nunc
822 2079 938 2128 tileo,
966 2090 1062 2118 nunc
1097 2077 1314 2127 ami-autho,
1333 2090 1428 2118 nunc
1448 2077 1591 2117 asbesto
1614 2109 1625 2128 ‚
1660 2078 1749 2131 quin
1780 2078 1855 2117 im-

587 2149 654 2178 mo
686 2139 875 2177 interdum
913 2143 1035 2190 pyrite
1065 2141 1250 2181 arsenicali
1284 2152 1360 2180 non
1393 2141 1515 2180 minus
1545 2154 1659 2194 quam
1705 2139 1849 2192 sulphu-

586 2210 649 2240 reo
668 2231 680 2253 ,
713 2211 751 2242 et
783 2200 906 2257 lapide
925 2213 1064 2245 comeo
1084 2206 1179 2246 varii
1198 2205 1343 2260 generis
1361 2204 1569 2259 iuquinitus
1597 2215 1635 2244 et
1666 2204 1850 2245 remixtus

1719 2275 1855 2305 occuro
