1972 2652
546 243 616 283 24.
950 200 1081 283 suere
1113 228 1128 286 )
1161 243 1188 271 0
1224 227 1383 284 (ezee-

545 345 791 400 quiruntur‚
823 343 1068 395 euoluenda‚
1110 343 1216 384 casus
1248 355 1331 397 quo
1364 350 1520 397 praeter
1553 341 1692 385 omnia
1734 341 1804 383 sais·

545 418 627 450 tera
661 411 828 451 totidem
851 440 862 461 ‚
895 408 1041 449 demtis
1076 408 1198 447 tribus
1220 438 1230 458 ,
1263 409 1406 448 dantur
1439 407 1686 459 diagonales,
1719 401 1803 458 (tot

545 473 695 514 scilicet
728 474 968 528 quaestiones
1002 472 1293 513 determinatio:
1309 469 1505 526 postulat)
1540 471 1606 512 hic
1629 472 1803 523 inquam

546 537 654 577 casus
697 537 830 590 ipsum
876 537 1117 589 perduxerat
1158 536 1203 576 ad
1245 537 1408 576 eandem
1450 535 1764 589 speculationem
1786 559 1805 581 ,<
1838 541 1841 543 ’

547 612 625 651 qua
660 601 700 638 in
736 600 838 639 Vol..
865 600 971 638 VII..
1001 599 1172 638 Celeber.
1209 598 1357 651 Segner
1390 600 1580 649 ostendit,
1612 606 1714 650 quot
1731 606 1807 633 va,-

549 661 619 701 riis
664 661 794 702 modis
836 660 1022 712 quodque
1074 658 1336 710 Polygonum
1385 674 1455 713 per
1496 660 1720 713 magonales
1758 658 1800 697 in

551 723 752 776 triangula
787 722 931 763 resolui
965 720 1091 774 poffit.
1159 722 1390 761 Arffiffime
1414 723 1563 762 scilicet
1597 723 1671 763 hae
1703 723 1810 762 duae.

553 788 874 839 inuestigationes
932 787 1034 825 inter
1093 785 1128 824 se
1187 785 1278 825 sunt
1342 797 1542 826 connexae
1571 817 1581 836 ‚
1647 783 1808 825 etiamst

553 852 835 892 conuenientia.
863 848 1004 903 primo
1037 848 1188 889 intuitu
1227 849 1362 888 minus
1402 859 1597 903 appareat.
1696 848 1806 888 Inci-

555 917 614 957 dit
656 928 754 968 ergo
806 913 965 956 Auctor
1016 913 1055 952 in
1100 924 1290 954 numeros
1347 925 1392 964 1,
1431 927 1481 964 2,
1515 927 1570 964 5,.
1607 926 1687 963 14,
1724 925 1807 961 42,

556 992 738 1034 quorum
772 987 909 1019 autem
945 976 1222 1032 progressionis
1256 977 1412 1029 legem,
1449 987 1590 1031 vtpote
1622 979 1709 1019 sat³s
1742 975 1815 1016 ab-

557 1045 775 1086 sconditam
809 1054 860 1082 ex
894 1042 972 1083 iola
1011 1040 1240 1094 figurarum
1280 1044 1622 1094 contemplatione
1659 1040 1812 1094 perspi—

558 1120 645 1149 cere
681 1121 759 1148 non
797 1116 964 1158 poterat.
1031 1107 1090 1144 At
1124 1117 1173 1142 ex
1208 1105 1687 1141 consi;1erationehoruin
1706 1105 1809 1154 ipso-

559 1184 655 1214 rum
690 1179 959 1209 numerorum
983 1197 994 1216 ‚
1035 1177 1134 1217 quos
1178 1166 1260 1203 iam
1303 1165 1526 1213 elicuerat,
1566 1165 1654 1204 satis
1698 1166 1818 1215 inge*

560 1235 664 1275 niose
700 1232 741 1270 in
778 1230 902 1282 ipsam
937 1225 1218 1281 progress'ionis
1253 1224 1384 1277 legem
1412 1226 1604 1280 inquisit,
1638 1229 1819 1267 adeam-

562 1308 640 1351 que
673 1292 842 1334 feliciter
879 1291 1072 1345 pertingit
1094 1322 1105 1341 ,
1140 1291 1367 1330 coniedhira
1403 1293 1583 1330 maxime
1619 1290 1811 1343 probabili

564 1361 750 1407 adiutus,
790 1357 896 1410 quod
943 1354 986 1393 hi
1029 1355 1191 1393 numeri
1228 1355 1444 1394 secundum
1487 1354 1650 1394 fiiftores
1698 1366 1816 1406 egre-

563 1425 633 1476 gio
665 1421 804 1462 ordine
840 1417 1027 1473 progredi
1062 1418 1233 1459 debeant
1301 1419 1348 1459 In
1384 1418 1610 1457 vberiorem
1652 1419 1816 1471 quidem

565 1486 919 1531 confirmationem
956 1483 1134 1537 ipsarum
1169 1494 1328 1536 quoque
1364 1483 1668 1536 polygonorum
1710 1485 1815 1523 vnde

566 1553 610 1595 hi
646 1550 806 1590 numeri
839 1548 927 1589 sunt
962 1548 1042 1587 orti
1065 1579 1076 1598 ,
1110 1545 1306 1586 rationem
1345 1548 1488 1596 habet,
1522 1546 1583 1586 sed
1617 1557 1661 1584 ea
1693 1546 1815 1585 etiam

566 1611 839 1673 praetermissa
879 1611 1056 1650 eiusdem
1099 1611 1348 1651 coniecturae
1391 1608 1639 1650 adminiculo
1682 1618 1818 1649 totum

565 1678 775 1731 negotium
812 1674 889 1714 hoc
922 1674 1043 1715 modo
1076 1673 1219 1716 confici
1246 1673 1348 1727 posse
1373 1675 1561 1715 videtur:
1594 1672 1818 1714 Diuidatur

569 1745 740 1785 istorum
776 1750 1049 1778 numerorum
1090 1738 1261 1789 quilibet
1301 1750 1371 1790 pet
1414 1738 1734 1791 praecedentem,
1774 1746 1822 1777 vt

570 1807 824 1850 obtineantur
860 1800 904 1840 hi
932 1800 1051 1858 ,quoti
1073 1812 1087 1838 :z

866 1863 879 1880 ς
968 1865 981 1883 ς
1044 1862 1071 1878 14
1147 1862 1194 1889 υ.
1226 1861 1256 1878 ⁴2

669 1881 884 1920 7:23*
960 1883 1072 1892 ·-·-

867 1897 1008 1921 2-2'
1051 1885 1194 1919 ε-ἷτ
1225 1878 1383 1920 17:3⁹
1458 1918 1463 1922 .

571 1934 644 1989 qui
680 1945 776 1974 cum
811 1943 892 1971 non
926 1929 1003 1971 sint
1037 1931 1187 1983 integri
1221 1943 1363 1971 omnes
1397 1944 1467 1986 per
1505 1931 1703 1973 eiusmodi
1745 1934 1825 1973 fra·

575 1999 725 2041 &iones
783 1993 1048 2037 exhibeantur
1070 2026 1080 2046 ‚
1137 2007 1313 2048 quarum
1372 1997 1694 2037 denominatores
1748 1997 1826 2037 fint

580 2076 633 2114 3,
669 2074 716 2114 4,
756 2069 806 2111 5,
840 2063 893 2111 6,
935 2060 1257 2114 quandoquidem
1298 2059 1340 2098 in
1384 2060 1505 2100 tertio
1542 2058 1825 2101 'denominator

580 2125 767 2186 quinario
810 2124 945 2164 minor
986 2123 1061 2165 effe
1093 2124 1260 2177 nequit:
1294 2122 1425 2175 fiCque
1454 2123 1658 2167 habebitur
1678 2136 1694 2165 ι.

1327 2188 1353 2204 ΙΙ

685 2185 829 2216 1—-6,
868 2190 976 2214 5-10
1033 2188 1185 2218 14-14-
1219 2191 1315 2215 ⁴2—-

683 2215 830 2251 3—37
862 2212 997 2256 ἷ--Ῑὶ
1031 2215 1184 2251 ἶ--ἶν
1220 2214 1379 2254 Τι’-’ἵν

1083 1878 1132 1885 ..ι-

1763 2259 1832 2302 vbi
