1972 2652
313 218 628 267 LAPIDJS
676 219 1188 266 NEPHRITICI.
1287 238 1380 278 407

124 336 188 382 De
218 337 383 393 pondere
415 335 510 376 nihil
542 334 737 376 defecerat.
805 333 926 376 Color
960 344 1037 376 erat
1067 348 1121 375 ex
1153 337 1256 377 flauo
1296 339 1387 379 bru.

125 414 204 444 nus.
282 399 509 442 Drachmae
541 407 620 441 tres
644 410 773 452 grana
811 406 863 440 18
912 411 978 452 per
1012 399 1122 439 horas
1154 402 1240 441 duas
1273 402 1385 442 furno

123 465 363 514 commin-ae,
393 465 432 504 in
466 476 582 517 quem
617 473 749 503 ventus
778 476 845 517 per
879 462 980 503 folles
1013 464 1383 515 admittitur,eodem

124 530 246 570 modo
278 528 310 568 se
346 528 564 578 habebant,
616 538 656 567 et
689 539 769 567 non
804 527 868 567 nifi
901 539 1014 580 grana
1047 537 1205 581 quatuor
1258 530 1387 581 perdi-

123 594 254 634 derant
274 623 284 642 ,
316 593 484 645 quamuis
518 591 786 644 pedistaculum
823 603 903 631 non
935 592 1072 644 minus,
1103 605 1218 646 quam
1253 593 1387 634 fundus

123 655 337 707 crucibuli‚
369 667 420 695 ex
455 664 556 708 parte
589 656 627 693 in
660 654 807 694 vitrum
841 654 1027 694 abierant.

260 765 374 821 Lapis
405 767 629 820 nephriticus
649 797 661 818 ‚
697 777 776 807 cum
808 762 921 818 dupla
947 767 1115 820 portione
1147 766 1225 809 faiis
1259 770 1387 811 tartari

123 829 304 883 purissimi
336 842 403 881 per
435 829 544 868 horas
576 830 665 868 duas
697 829 733 867 in
766 829 856 881 igne.
887 831 982 869 furni
1016 831 1158 870 anemii
1189 833 1389 873 fortiffimo

123 895 307 941 detentus,
339 891 378 930 in
411 889 568 932 massam
602 893 787 943 quandam
820 891 1152 934 semiuitrificatam
1186 895 1289 940 abit.
1319 908 1389 936 co-

124 955 243 997 lorem
275 965 329 995 ex
359 954 461 996 flauo
493 954 782 997 viridescentem
815 967 907 1010 prae
924 956 960 997 se
993 955 1193 1000 ferentem.

258 1066 456 1111 Drachma
491 1082 563 1111 vna
595 1069 727 1122 lapidis
759 1080 851 1110 cum
883 1070 961 1120 3iss.
995 1070 1075 1110 salis
1107 1073 1232 1113 tartari
1263 1081 1302 1113 et
1334 1068 1387 1125 35.

123 1130 264 1172 boi-acis
291 1133 403 1174 coeka
427 1162 442 1184 ‚
495 1145 564 1185 per
594 1132 702 1172 horas
732 1132 820 1172 duas
853 1132 890 1171 in
923 1133 1032 1173 furno
1071 1135 1229 1174 anemio
1279 1134 1351 1177 fusa
1375 1167 1392 1190 ,.

124 1194 164 1237 in
196 1194 338 1234 vitrum
372 1195 529 1248 elegans
555 1194 708 1235 obicure
740 1195 888 1234 luteum
918 1194 1119 1236 coaluerat„

255 1305 409 1361 Lapidis
440 1304 640 1359 nephritici
675 1300 727 1357 Ξῖ.
760 1318 846 1347 cum
879 1309 944 1357 ss.
973 1309 1098 1349 tartari
1119 1309 1298 1351 vitriolati
1319 1323 1391 1364 pet¹

122 1369 230 1411 horas
262 1376 304 1418 εξ
336 1371 374 1410 iu
409 1368 517 1410 furno
556 1370 717 1409 anemio
765 1369 914 1410 detenta
967 1369 1127 1411 massam
1179 1373 1387 1414 exhibebat

119 1433 356 1486 spongiosam
380 1463 391 1482 ‚
443 1433 523 1472 satis
556 1431 716 1471 firmiter
744 1432 1040 1475 cohaerentem,
1076 1432 1216 1475 coloris
1248 1436 1389 1489 pallide

119 1496 234 1535 rubri.
304 1492 379 1535 Sed
414 1507 480 1547 per
511 1494 623 1535 horas
657 1499 705 1541 :34
734 1494 850 1536 fusum
881 1495 958 1537 hoc
999 1497 1160 1539 mixtum
1182 1530 1195 1551 ,
1242 1500 1389 1541 vitrum

120 1558 273 1611 elegans·
302 1558 526 1599 viride-scens»
551 1557 771 1612 praebebat.

271 1664 373 1707 Cum
430 1668 664 1722 experientia
716 1677 959 1723 compertum
1000 1669 1161 1712 habeam
1182 1704 1193 1724 ‚
1250 1673 1390 1716 nitrum

103 1729 238 1777 fixum
266 1726 482 1782 arsenicale,
512 1744 565 1772 ex
598 1733 762 1786 partibus
801 1734 957 1772 anaticis
989 1734 1078 1774 nitri
1128 1736 1297 1789 deputati
1346 1747 1387 1778 et

123 1791 272 1832 arsenici
291 1792 366 1833 albi
396 1794 597 1843 crystallini
623 1808 693 1847 per
725 1795 905 1837 fusionem
939 1806 1109 1849 paratum
1134 1828 1146 1848 ,
1188 1800 1387 1853 complura

123 1867 305 1909 corpora,
323 1856 400 1908 igni
419 1856 503 1897 alias
522 1870 595 1910 per·
623 1858 783 1914 longum
814 1861 995 1912 temporis
1026 1861 1187 1914 spatium
1222 1863 1385 1906 refisten·

123 1919 198 1973 tia,
225 1918 327 1959 breui
360 1927 541 1974 tempore
572 1922 614 1961 in:
643 1921 791 1963 fluxum
822 1923 992 1976 redigere
1016 1955 1028 1980 ‚
1071 1924 1219 1980 sequens
1248 1927 1391 1970 institui

124 1981 451 2037 experimentum.

271 2092 406 2136 Miseni
446 2096 628 2139 nimirum
669 2101 739 2153 ΞΒ.
779 2098 887 2143 huius
928 2101 1016 2144 nitri
1053 2100 1125 2143 fixi
1175 2116 1263 2145 cum
1313 2101 1382 2157 3ij'.

123 2155 260 2214 Lapidis
289 2158 426 2215 nostri,
459 2169 541 2205 tam
555 2163 669 2218 crudi,
687 2177 802 2219 quam
818 2166 1001 2221 eminati,
1016 2175 1056 2209 et
1071 2168 1255 2210 crucibulo
1271 2180 1385 2208 com-

1277 2227 1383 2285 miii,
