1972 2652
604 238 657 283 55
968 226 1507 274 ELEMENTA

994 336 1249 397 Coroll.
1343 358 1389 398 2.

753 435 792 469 8.
826 425 996 467 Viciffim
1029 427 1141 479 igitur
1173 426 1320 479 etiam,
1348 426 1373 467 fi
1407 439 1479 480 qua
1512 426 1550 467 in
1569 426 1860 480 expreffioneV

601 490 857 531 differentialia
872 523 882 542 ‚
914 490 987 531 fiue
1008 491 1144 543 primi,
1175 491 1248 532 siue
1267 490 1434 540 secundi,
1461 490 1534 531 siue
1553 490 1691 531 altioris
1709 491 1864 543 ordinis,

599 555 735 604 insint,
770 567 811 594 ea
846 554 1122 594 introducendis
1153 554 1210 594 his
1241 554 1505 608 qnantitatibus
1533 562 1575 610 p,
1598 565 1636 609 q,
1658 565 1696 607 r,
1717 567 1755 607 s,
1786 563 1860 595 etc.

599 629 652 657 ex
683 618 827 659 calculo
861 617 944 658 tolli
975 625 1171 672 poterunt.

1071 701 1396 759 Axiorna.

753 800 793 836 9.
831 783 870 827 Si
904 788 1003 826 inter
1034 789 1225 828 variabiles
1256 802 1284 829 x
1315 798 1354 828 et
1373 802 1407 839 y
1440 788 1509 829 alia
1542 787 1671 828 relatio
1722 799 1744 827 a
1776 799 1867 840 pro·-

602 850 720 905 pofita
756 849 902 890 infinite
949 863 1082 904 parum
1135 850 1341 904 discrepans
1391 852 1662 902 constituatur,
1715 850 1873 889 valores-

602 915 710 967 ipsius
737 927 781 965 y,
812 913 957 967 singulis
991 913 1180 955 valoribus
1212 915 1320 968 ipsius
1354 927 1382 955 x
1415 914 1698 968 respondentes,
1732 912 1779 952 ab
1809 912 1874 964 iisr

602 989 695 1029 quos
729 978 920 1032 proposita
953 976 1084 1019 relatio
1115 978 1301 1032 praebet,
1349 978 1496 1019 infinite
1545 988 1677 1032 patum
1730 975 1874 1017 disere-r

601 1040 759 1092 pabunt.

1028 1111 1290 1170 Coroll.
1378 1133 1419 1167 1.

757 1210 825 1239 10.
857 1196 957 1238 Cum
989 1198 1201 1239 huiusmodi
1235 1197 1368 1238 relatio
1397 1196 1537 1238 variata
1574 1193 1731 1236 infinitis
1779 1206 1865 1236 mo·-

602 1260 659 1300 dis
692 1273 712 1300 a
746 1262 924 1300 relatione
959 1261 1150 1313 propofita
1180 1261 1388 1312 discrepare
1429 1258 1541 1313 poffit
1562 1290 1572 1309 ,
1623 1259 1674 1298 ita
1727 1267 1766 1298 vt
1813 1259 1875 1298 di·-

603 1323 807 1375 screpantia
839 1323 880 1363 fit
915 1323 1060 1363 infinite
1093 1335 1205 1376 parua
1225 1354 1237 1374 ‚
1288 1324 1434 1363 euenire
1470 1321 1592 1375 potest
1612 1352 1623 1373 ,
1677 1329 1721 1360 vt
1773 1333 1868 1361 vnus

603 1385 774 1438 pluresue
809 1386 957 1426 valores
992 1386 1103 1439 ipsius
1122 1400 1156 1439 y
1177 1418 1189 1438 ,
1239 1385 1303 1438 qui
1334 1386 1444 1426 certis
1478 1384 1665 1426 valoribus
1695 1383 1807 1439 ipsius
1840 1396 1868 1426 x

603 1449 862 1503 respondent,
895 1450 1035 1490 nullam
1068 1450 1156 1490 inde
1190 1450 1439 1490 mutationem
1473 1449 1672 1503 patiantur.

1031 1540 1295 1598 Coroll'.
1384 1560 1431 1601 2.

758 1640 829 1669 11.
864 1627 935 1669 Ista
969 1629 1128 1670 variatio
1161 1629 1352 1669 relationis
1381 1629 1432 1669 ita
1485 1627 1665 1682 generalis
1711 1629 1868 1683 concipi

603 1689 745 1744 potest,
780 1701 824 1732 vt
857 1693 944 1732 inde
976 1705 1110 1733 omnes
1141 1692 1290 1732 valores
1322 1692 1432 1744 ipfius
1450 1705 1483 1741 y
1516 1692 1744 1732 mutationes
1759 1705 1870 1745 quas·

603 1766 748 1807 cunque
781 1756 1083 1809 patiantur,quo
1116 1756 1220 1795 nullo
1255 1755 1374 1793 modo
1407 1767 1428 1794 a
1461 1756 1494 1794 se
1527 1756 1692 1795 inuicem
1726 1756 1869 1807 pende·

603 1827 681 1857 ant.
751 1818 845 1874 Quo
879 1819 992 1871 igitur
1026 1818 1119 1859 haec
1155 1816 1331 1857 tractatio
1363 1815 1532 1857 latiffime
1565 1827 1720 1870 pateat,
1741 1816 1869 1857 huius-

607 1879 716 1919 modi
766 1882 1020 1921 variationem
1081 1881 1268 1922 relationis
1317 1879 1587 1933 generaliffime
1635 1890 1868 1936 conceptam

606 1941 762 1996 intelligi
795 1944 1007 1987 conueniet.

990 2033 1337 2117 Hypothefis
1405 2056 1455 2110 3.

761 2133 830 2161 ιε.
868 2119 908 2163 Si
943 2123 1072 2164 relatio
1116 2128 1215 2165 inter
1263 2138 1291 2166 x
1340 2132 1376 2163 et
1413 2137 1446 2176 y
1495 2123 1684 2178 proposita
1736 2134 1866 2177 parum

608 2194 773 2227 mutetur
792 2213 804 2228 .
835 2186 1007 2228 valorem
1045 2188 1157 2244 ipsius
1172 2202 1207 2242 y
1227 2216 1239 2240 ‚
1273 2188 1336 2244 qui
1366 2187 1453 2228 inde
1484 2188 1555 2244 ipfi
1585 2200 1614 2229 x
1645 2187 1862 2242 respondet,

1798 2261 1868 2305 pet
