1972 2652
317 188 592 238 CALCVLI
655 180 1144 232 VARIATIONVM„
1297 180 1352 225 61

491 296 842 358 Definitio
930 315 975 357 2.

249 405 323 433 21.
357 389 531 433 Calculus
565 390 819 429 variationum
854 386 904 426 est
925 383 1127 425 methodus
1146 381 1363 423 inueniendi

97 456 323 501 variationes
363 457 614 510 quantitatum
666 463 851 504 vrcunque
882 463 934 490 cx
985 449 1079 489 binis
1130 446 1367 487 variabilibus

98 534 126 564 x
161 531 200 563 et
219 536 254 571 y
284 521 532 562 conflatarum
555 550 566 570 ‚
603 530 690 572 quas
732 519 950 570 patiuntur,
1003 512 1030 553 sr
1079 511 1214 551 relatio
1266 509 1384 550 inter'

96 599 125 628 x
154 596 191 627 et
213 599 246 637 y
279 584 472 641 proposita
504 583 652 625 infinite
686 592 816 635 parum
849 577 1191 635 quomodocunque
1220 573 1368 617 immu-

94 660 206 692 tetus.

533 713 791 772 Coroll.
869 735 911 769 1.

252 817 323 844 22.
359 803 551 856 Proposita
586 813 679 854 ergo
711 798 894 840 relatione
926 796 1024 837 inter
1057 804 1087 836 x
1120 800 1156 834 et
1173 806 1208 845 y
1233 826 1245 846 ‚
1277 793 1303 834 fi
1330 793 1369 834 V

92 867 246 910 denotet
279 867 524 921 quantitatem
557 864 902 918 quomodocunque
933 861 979 902 ab
1010 871 1038 900 x
1072 868 1112 899 et
1131 871 1166 911 y
1196 859 1370 912 penden-

94 942 199 983 tem,
230 930 293 971 hic
325 930 485 971 calculus
517 929 632 969 docet
666 929 835 970 inuenire
868 924 1119 969 variationem
1151 922 1262 978 ipfius
1315 921 1370 976 V,

91 996 153 1037 seu
186 994 357 1037 valorem
390 994 501 1049 ipsius
535 989 624 1034 ὃν.

541 1088 803 1151 Coroll.
893 1108 942 1145 ρ.

250 1188 322 1226 23.
357 1177 457 1234 Quia
493 1176 718 1217 relationem
754 1178 851 1216 inter
882 1189 910 1216 x
938 1184 976 1216 et
999 1184 1032 1226 y
1065 1173 1190 1215 datam
1223 1184 1362 1215 vrcun-

93 1255 164 1297 que
198 1241 389 1283 immutari
425 1240 673 1287 assumimus,
709 1247 754 1277 vt
775 1252 810 1288 y
850 1250 923 1292 pro
975 1237 1124 1288 singulis
1176 1238 1367 1278 valoribus

89 1307 199 1359 ipsius
231 1317 259 1346 x
291 1303 519 1344 variationes
548 1312 784 1355 quascunque
805 1334 816 1353 ,
862 1312 956 1354 quae
989 1300 1108 1339 etiam
1143 1311 1163 1338 a
1196 1299 1231 1339 se
1265 1300 1369 1341 inui-

88 1382 177 1409 cem
214 1380 290 1407 non
322 1366 539 1420 pendeant,
571 1366 765 1418 accipiat,
800 1363 861 1405 hic
891 1362 1047 1405 calculus
1080 1361 1254 1403 latiffime
1294 1377 1362 1418 pa-

88 1441 177 1482 tet,
208 1439 315 1484 atque
349 1430 394 1470 ad
425 1429 569 1482 quisuis
600 1429 837 1470 conditiones
869 1428 1130 1470 variationum
1166 1426 1270 1468 datas
1300 1440 1365 1471 ac-

87 1495 340 1552 commodari¹
363 1494 521 1549 poterit.

489 1591 829 1651 Scholion
920 1615 962 1650 1.

239 1690 312 1730 24.
346 1680 438 1734 Quo
471 1681 555 1721 vsus
583 1681 689 1721 huius
720 1680 853 1721 calculi
884 1680 1016 1721 clarius
1043 1679 1201 1733 perspici
1235 1686 1361 1732 queat,

86 1743 315 1796 exemplum
348 1744 562 1784 afferamus.
646 1744 841 1796 Propofita
872 1754 964 1795 ergo
996 1742 1040 1783 sit
1071 1742 1167 1784 haec
1220 1742 1359 1785 relatio

88 1809 188 1849 inter
221 1818 249 1847 x
279 1814 317 1845 et
338 1820 394 1858 y:

203 1885 344 1927 aayy
360 1873 715 1915 -bbxxzaabb

88 1957 182 1999 quae
214 1945 411 1986 scribendo
443 1943 612 1992 b-i-db
644 1944 733 1986 loco
765 1945 789 1987 b
822 1944 967 1987 infinite
998 1958 1135 2000 parum
1172 1946 1361 1989 immute-

90 2019 165 2050 tur.
230 2008 310 2050 lam
345 2010 373 2051 fi
410 2017 643 2063 proponatur
673 2010 858 2062 quantitas
890 2011 1088 2065 quaepiam
1120 2011 1166 2052 ab
1200 2024 1229 2053 x
1268 2021 1307 2052 et
1326 2024 1361 2064 y

86 2079 414 2132 pendens‚veluti
432 2065 752 2133 s4(‘¹²⁶²’⁴“¹y²-¹
831 2079 937 2121 huius
988 2081 1147 2122 variatio
1194 2093 1245 2122 ex
1294 2082 1359 2124 illa

770 2112 782 2133 2

86 2143 357 2185 immutatione
390 2112 776 2187 relationtsvssriunda
807 2156 882 2199 ope
916 2144 1018 2186 istius
1066 2145 1199 2191 calculi
1247 2145 1359 2186 exhi-

722 2209 760 2249 H
776 2243 779 2245 .
794 2222 816 2259 8
1274 2208 1359 2251 beri
