1972 2652
566 205 656 247 ¹92
769 194 1614 244 OBSERVATIONES

564 306 604 349 in
635 320 711 363 quo
742 307 914 349 eonfistat
946 307 1097 350 morbus
1127 308 1361 366 immediate,
1380 314 1480 368 quast
1511 312 1627 356 oculo
1655 307 1821 358 cerneni

563 371 655 413 dum
685 372 885 426 praebent.

709 443 803 484 Non
838 442 911 483 fine
944 441 1161 488 difficultate
1183 477 1194 497 ,
1246 459 1367 503 neque
1415 449 1481 491 nifi
1525 449 1610 505 post
1658 452 1819 494 crebrius

558 505 804 556 exercitium,
837 519 887 547 eo
919 511 1091 560 perueni,
1126 519 1169 550 vt
1199 509 1525 566 obseruationem,
1552 525 1666 566 quam
1711 515 1819 568 snpra

559 568 741 622 descripfi‚
773 570 844 610 rite
877 570 1064 613 instituere
1095 573 1258 628 possem.
1321 573 1422 615 Cum
1459 576 1563 616 enim
1598 575 1738 616 adsueti
1768 578 1819 618 fi-

560 643 673 681 mus,
725 641 770 673 vt
818 633 844 673 fi
889 634 1082 676 obiec’cam
1138 637 1293 690 aliquod
1344 639 1520 679 attentius
1568 639 1823 694 contemplari

557 696 737 736 volumus
754 724 765 747 ,
798 695 917 736 etiam
946 698 1060 739 inscio
1092 708 1132 740 et
1162 700 1285 741 invito
1316 702 1473 754 annno,
1501 701 1700 743 oculorum
1734 715 1825 744 axes

559 758 725 815 praecise
757 769 807 798 eo
839 758 1070 813 dirigamus,
1101 763 1205 803 idem
1255 775 1407 816 quoque
1458 764 1561 804 mihi
1614 765 1820 806 accidebat.

559 821 632 863 Ast
686 819 772 862 snae
823 822 906 862 sunt
949 823 1118 865 maculae
1167 825 1208 864 in
1256 826 1370 865 oculo
1418 838 1509 866 meo
1556 835 1665 867 extra
1717 827 1820 868 oculi

558 885 666 927 axin.
729 884 875 940 Quodfi
905 886 1031 940 itaque
1064 887 1217 928 oculum
1251 898 1300 928 eo
1331 889 1596 929 conuertebam
1618 919 1632 940 ,
1671 891 1822 932 macula

559 947 684 989 statim
716 948 858 1000 fugiens
906 949 1036 991 locum
1081 949 1324 991 obseruationi
1375 952 1631 993 commodum
1655 984 1667 1004 ,
1719 952 1823 994 limi-

558 1018 643 1051 tem
677 1022 817 1062 nempe
843 1041 856 1061 ‚
905 1013 969 1065 qui
1000 1025 1138 1066 corpus
1174 1024 1338 1067 opacum
1377 1026 1398 1055 a
1429 1024 1682 1069 transpatente
1715 1017 1822 1070 sepa·

554 1080 641 1121 tat,
673 1072 915 1124 relinquebat.
981 1073 1265 1115 Difficillimam
1298 1076 1423 1130 itaque
1454 1089 1614 1130 eousque
1646 1086 1823 1130 expertus

553 1135 638 1177 sum
684 1134 987 1177 obseruationem
1009 1169 1020 1189 ,
1070 1138 1281 1191 vsquedum
1333 1150 1397 1178 me
1428 1150 1507 1179 non
1540 1152 1660 1192 paruo
1691 1140 1821 1182 labore

555 1199 606 1240 ad
639 1198 829 1240 maculam
862 1200 1017 1252 quidem
1049 1203 1243 1242 attendere
1264 1231 1279 1254 ‚
1315 1201 1367 1243 ast
1399 1201 1501 1246 oculi
1533 1204 1626 1247 axm
1658 1215 1708 1246 eo
1739 1216 1821 1249 non

552 1261 717 1319 dirigere
736 1292 750 1314 ‚
781 1258 1061 1305 affuefieceram.

860 1403 1375 1452 OBSERVATIO
1433 1408 1511 1451 111.

742 1491 850 1558 De
910 1499 1150 1559 colore
1217 1500 1631 1560 vmbrarum.

705 1634 935 1690 Quanquam
964 1635 1060 1678 mihi
1093 1637 1169 1679 iam
1219 1636 1283 1680 diu
1331 1637 1511 1691 cognitae
1555 1636 1693 1679 suerint
1741 1631 1817 1678 Ce⁹

558 1697 751 1741 leberrimi
776 1699 833 1742 Bu
862 1701 920 1741 oni
952 1700 1249 1751 obseruationes,
1282 1701 1460 1751 vmbraS,
1488 1713 1582 1754 quas
1612 1697 1718 1752 Sole,
1749 1699 1815 1741 vel

560 1765 731 1814 oriente,
758 1763 819 1803 vel
854 1763 1067 1815 occidente,
1099 1764 1299 1816 proliciunt
1330 1776 1493 1816 corpora
1513 1795 1525 1816 ,
1560 1764 1637 1804 sere
1667 1764 1816 1817 semper

562 1826 635 1864 effe
666 1827 850 1867 coeruleas
871 1858 882 1877 ,
933 1827 1121 1867 interdum
1154 1838 1304 1880 quoque
1344 1827 1509 1879 virides,
1562 1839 1639 1867 non
1685 1837 1817 1866 tamen

561 1888 630 1929 nist
659 1889 829 1941 fortuito,
861 1890 900 1930 in
934 1890 1050 1931 fimile
1083 1888 1376 1943 phaenomenon
1404 1890 1497 1930 aliud
1523 1890 1650 1931 incidi.
1712 1887 1817 1929 Cum

562 1950 668 1990 enim
719 1951 921 2004 crepusculi
971 1962 1149 2008 tempore
1198 1953 1391 1994 accensam
1443 1965 1593 1994 mecum
1632 1951 1813 2014 haberem

559 2011 793 2063 candelam,
846 2015 1032 2057 obseruaui
1051 2046 1064 2068 ‚
1112 2014 1291 2056 vmbram
1313 2045 1326 2067 ‚
1376 2027 1490 2069 quam
1541 2016 1666 2067 stylus,
1697 2026 1811 2068 quem

563 2075 736 2116 manibus
767 2077 939 2117 tenebam
959 2108 971 2128 ,
1021 2080 1058 2118 in
1087 2077 1238 2120 chartae
1271 2079 1377 2120 albae
1408 2078 1541 2119 folium
1571 2078 1814 2134 projiciebat,

558 2138 831 2194 elegantiffime
861 2137 936 2180 effe
968 2140 1195 2186 coeruleam,
1290 2141 1363 2186 Rei
1407 2142 1551 2186 nouitas
1572 2172 1586 2198 ‚
1632 2154 1674 2184 ac
1721 2152 1820 2240 epm·

549 2208 553 2214 ·
1685 2202 1736 2242 ob
1753 2211 1812 2242 er⁴
