1972 2652
125 180 607 242 Additamentum
649 181 766 243 Ioh.
823 178 992 241 Gottl.
1049 179 1338 240 Lehmanni
1360 225 1377 251 ,

189 266 257 325 ad
300 267 761 326 Diflertationem
804 266 955 323 suam
998 284 1123 346 pag.
1179 285 1308 342 430.

540 351 705 409 huius
761 350 961 409 Tomi.

218 450 318 497 Dies
351 456 465 498 diem
481 456 680 497 docetzet
709 467 762 496 ex
790 468 843 496 eo
872 465 1059 508 tempore
1082 466 1165 507 quo
1189 462 1380 508 tanquam

119 519 330 571 problema
364 520 629 574 petrefa&um
665 521 767 562 istud
802 521 1055 572 incognitum
1091 518 1273 558 historiae
1311 528 1383 555 na-

120 582 264 623 turalis
290 585 538 624 amatoribus
567 584 858 636 explicandum
893 582 1117 636 proposui,
1150 584 1231 620 iam
1271 580 1383 619 bien·

119 647 238 686 nium
273 648 330 687 est
358 647 574 700 elapsum,
616 660 696 687 non
738 646 832 688 desii
875 647 1052 698 penitius
1103 647 1144 684 in
1195 652 1381 682 naturam

117 711 209 750 eius
238 711 473 761 inuestigare
494 741 508 757 ,
536 719 576 747 et
612 718 807 760 expertus
838 710 928 748 sum
948 739 964 757 ,Α
1005 706 1085 745 hoc
1120 707 1383 759 petrefaistum

118 775 196 812 effe
244 772 582 813 Entomolithum
634 771 767 812 Onisci
790 802 801 821 ‚
869 779 914 809 et
959 769 1123 821 quidem
1174 769 1276 808 Tabz.
1302 768 1383 808 XI.

120 836 211 886 Fig.
250 841 289 877 8.
324 849 366 885 9.
399 845 440 875 et
474 837 570 877 Tab.
608 835 709 876 XII.
745 836 834 887 Fig.
877 840 919 875 8.
949 845 995 881 9-
1026 833 1224 873 Oniscum
1248 841 1387 886 petre·

118 898 271 940 fastum
295 930 305 950 ‚
338 900 455 940 dorso
488 900 589 941 striis
633 898 958 947 transuersalibus
990 898 1182 939 conuexis
1216 897 1385 948 integris

119 963 292 1014 viginti.
315 965 525 1005 monstrat.
552 965 580 1006 F
586 964 643 1015 ig..
681 977 754 1006 10.
784 963 881 1004 Tab.
918 962 1022 1003 XII.
1056 974 1156 1002 vero
1173 961 1384 1010 Quicum,

119 1027 239 1068 dorso
273 1028 377 1067 striis
415 1027 652 1069 transuersis>
702 1029 894 1069 conuexis
930 1028 1168 1080 interruptis
1203 1026 1351 1077 viginti
1374 1055 1391 1075 ‚‚

122 1089 385 1146 punstisque3
411 1091 481 1129 sex
520 1091 883 1140 longitudinalibus
931 1091 973 1127 in
1027 1091 1159 1141 [apide
1209 1088 1391 1129 cascareo

122 1152 347 1204 petrefacstis
382 1153 605 1192 innumeris
638 1153 808 1202 referto,
841 1164 890 1192 ex
925 1149 1385 1202 Gothlandia,.exhibet·.

122 1215 256 1255 Huius
288 1215 423 1253 insecti
459 1215 600 1267 species
637 1215 743 1254 haud
777 1226 868 1253 raro
899 1212 967 1251 his¹
995 1226 1162 1265 quoque
1186 1215 1226 1252 in
1254 1215 1385 1254 confi·

122 1278 199 1317 niis
232 1275 459 1330 Petropolis
480 1309 491 1329 ,
543 1278 585 1316 in
636 1277 742 1318 ostiis
793 1277 898 1316 finus
936 1275 1094 1317 Finnici
1127 1287 1172 1317 et
1203 1275 1385 1316 fluminis

122 1340 341 1385 Fontalkae
375 1350 444 1381 aut
478 1343 680 1383 Fontanae
702 1374 712 1392 ‚
746 1343 866 1381 viuae
896 1352 937 1380 et
970 1341 1143 1381 diuerfiie
1175 1342 1385 1391 magnitu—

120 1405 221 1445 dinis
240 1418 261 1444 a
280 1405 500 1448 Secretario
519 1405 758 1447 Academiae
788 1406 959 1455 nostrae,
978 1403 1117 1445 Status
1142 1404 1384 1446 Confiliario

121 1469 249 1510 Dom.
268 1469 313 1510 de
331 1470 366 1511 S
369 1470 509 1510 taehlin
526 1479 703 1523 repertae
723 1471 896 1510 fuerunt.
926 1467 1227 1511 Celeberrimus
1249 1469 1384 1523 Eques

122 1532 250 1574 Dom.
285 1534 333 1574 de
368 1532 484 1575 Linne
519 1535 559 1573 in
597 1534 688 1575 Aet.
726 1535 917 1574 Academ.
972 1532 1103 1588 Vpsal.
1142 1535 1267 1573 Tom.
1310 1546 1382 1573 21.

124 1595 246 1636 huius
280 1597 413 1638 inseffi
441 1611 522 1639 non
541 1600 676 1638 minus
694 1611 819 1651 quam
846 1597 886 1636 in
908 1596 1017 1638 Mus.
1033 1597 1181 1638 Teffin.
1200 1608 1281 1651 pag
1310 1603 1381 1646 98.

125 1659 208 1701 No.
246 1672 286 1709 3.
321 1664 571 1702 mentionem
623 1663 713 1702 facit
736 1694 747 1713 ‚
782 1673 867 1701 rem
920 1670 1051 1701 tamen
1102 1662 1144 1699 in
1195 1662 1385 1710 ambiguo

124 1724 358 1777 relinquens
377 1756 393 1775 ,s
425 1726 669 1776 pertineatne
687 1726 735 1763 ad
753 1724 1028 1772 cancrorum,
1053 1722 1384 1775 Monoculorum,

126 1787 368 1827 Oniscorum
402 1786 595 1833 familias3
644 1794 685 1824 et
719 1784 809 1826 ideo
834 1776 994 1837 quoque
1021 1783 1098 1826 hoc
1118 1787 1382 1837 petrefaaestum

126 1838 462 1890 Entomolithiim
494 1849 745 1901 paradoxum
786 1847 1043 1899 appellauit,
1080 1847 1147 1889 vel
1182 1849 1382 1891 Interme-

125 1913 240 1953 dium
286 1912 488 1963 quoddam
540 1910 783 1961 Cancrum,
829 1910 1057 1963 Oniscum,
1110 1911 1382 1956 Monoculum

125 1976 243 2015 inter.
295 1973 403 2015 Mihi
437 1975 479 2014 in
499 1974 813 2028 praesentiarum
845 1974 995 2017 sufficit
1025 1974 1279 2029 explicuisse,
1307 1977 1383 2021 hoc

128 2037 389 2092 petrefastum
420 2040 467 2079 ad
521 2038 829 2081 Entomolithos
870 2040 1121 2082 Oniicorum
1167 2043 1384 2095 pertinere..

127 2103 187 2145 D.
223 2112 295 2152 17.
328 2102 450 2144 Mart.
488 2108 621 2153 1766.

1144 2168 1387 2211 MATHE‘»
