1972 2652
498 231 614 285 ”5213
646 228 660 287 )
694 242 720 271 0
756 227 771 286 <
804 228 917 282 ἔξω
1300 242 1354 279 1³

97 344 139 385 in
180 341 335 384 calculo
376 345 646 384 variationum
687 346 767 398 ipsa
808 342 949 385 relatio
992 343 1096 385 inter
1149 340 1355 384 variabiles

98 409 254 449 infinite
286 420 429 462 parum
464 410 677 449 immutari
710 410 960 463 concipitur:
994 409 1048 448 ita
1086 416 1132 449 vt
1162 408 1260 447 dum
1297 407 1354 446 se-

99 474 277 513 cundum
315 470 550 512 relationem
588 473 719 514 datam
757 486 832 526 pro
867 474 1010 526 quouis
1042 472 1206 512 alterius
1248 471 1360 511 vari-

99 536 208 575 abilis
240 549 268 576 x
304 536 440 576 valore
462 568 472 588 ,
516 537 639 578 altera
663 552 697 589 y
736 547 895 578 certum
932 537 1112 577 valorem
1155 535 1323 575 sortitur
1347 563 1359 583 ,

97 599 247 640 calculo
281 601 555 644 varffationum
589 601 682 642 huic
719 602 794 656 ipsi
830 601 1010 653 valoriy
1054 602 1358 642 incrementum

97 665 297 717 quoddam
333 664 489 704 infinite
525 678 700 716 paruum
742 665 950 702 adiici-atur
975 691 984 709 ‚
1025 673 1077 700 ex
1120 673 1203 713 quo
1244 661 1359 700 dein·

98 739 203 781 ceps,
220 728 562 780 quemadmodum
596 724 793 765 formulae
819 733 904 763 tam
931 723 1211 763 differentiales
1234 737 1358 777 quam

95 790 307 842 integrales
343 789 548 827 varientur
571 818 581 836 ,
615 788 774 828 definiri
810 795 983 840 oportet.
1050 787 1358 828 Incrementum

96 854 198 894 illud
232 853 457 905 cuicunque
507 851 634 892 valori
659 866 687 901 y
720 852 920 892 adiectum
955 851 1001 890 al)
1043 852 1223 892 Auctore
1276 853 1361 890 eius

97 918 270 959 variatio
301 926 500 966 vocatur,
536 929 579 955 ac
623 929 671 956 ne
699 928 796 956 cum
833 916 1158 957 differentialibus
1190 916 1361 955 confun-

97 983 213 1023 datur
248 980 323 1021 hoc
356 980 581 1022 charactere
616 978 683 1032 (Sy
716 980 961 1032 defignatur:
997 993 1091 1021 cum
1116 982 1242 1032 igitur
1268 979 1361 1019 hinc

100 1058 239 1090 omnes
274 1045 472 1086 formulae
508 1054 591 1085 tam
625 1046 904 1086 differentiales
945 1059 1070 1099 quam
1114 1044 1327 1096 integrales
1352 1075 1362 1095 ‚

102 1120 295 1164 quatenus
326 1110 593 1161 quantitatem
612 1124 644 1160 y
678 1110 898 1149 inuoluunt
921 1141 932 1160 ,
966 1119 1091 1150 certas
1124 1110 1364 1150 variationes

103 1171 372 1209 nanciscantur
395 1199 405 1215 ‚
440 1170 580 1206 audior
614 1171 655 1206 in
693 1171 828 1217 priore
859 1172 1124 1208 dissertatione
1161 1172 1362 1223 principia

102 1247 146 1274 ac
187 1238 391 1286 praecepta
432 1227 606 1277 stabilit,
649 1239 828 1280 quorum
866 1240 942 1281 ope
983 1231 1174 1268 omnium
1217 1233 1363 1268 huius-

103 1297 211 1337 modi
244 1290 515 1334 formularum
549 1293 788 1332 variationes
816 1291 974 1331 definiri
1011 1291 1197 1346 poss'unt:
1242 1296 1295 1333 ita
1329 1292 1358 1334 fi

102 1360 164 1402 W
197 1361 357 1400 denotet
392 1355 625 1397 huiusmodi
669 1356 889 1397 formulam
931 1369 1234 1411 quamcunque‚·
1275 1358 1361 1397 eius

101 1424 368 1465 variationem
402 1417 429 1460 ὃ
450 1420 512 1461 W
545 1434 615 1475 per
648 1421 807 1473 regulas
834 1421 1049 1475 peculiares
1073 1422 1262 1473 affignare
1285 1423 1361 1462 do-

102 1498 176 1529 cet.
240 1487 335 1543 Quo
367 1484 560 1537 singulari
595 1485 750 1528 calculo
782 1487 997 1541 constituto
1030 1487 1213 1539 deinceps
1238 1487 1276 1525 in
1307 1487 1364 1526 se·-

102 1562 247 1609 quente
281 1551 546 1592 differtatione
580 1551 668 1590 eius
699 1549 1010 1605 applicationem
1047 1551 1093 1591 ad
1110 1550 1246 1591 omnia
1268 1563 1363 1602 pro-

105 1619 302 1667 blemata,
342 1627 443 1668 quae
485 1616 589 1657 circa
631 1618 810 1656 maxima
850 1625 890 1655 et
932 1616 1102 1655 minima
1142 1614 1363 1665 excogitari

105 1672 292 1736 possunt,
323 1678 532 1720 clariffime
566 1679 733 1720 ostendit
753 1713 763 1732 ‚
808 1680 929 1733 inque
963 1680 1130 1731 negotio
1165 1678 1241 1719 hoc
1279 1678 1361 1716 im-

105 1746 244 1800 primis
277 1744 472 1784 obseruari
505 1754 682 1784 meretur
706 1775 716 1793 ‚
767 1745 873 1796 quod
909 1740 962 1782 ita
1004 1755 1107 1782 noua
1149 1740 1363 1781 methodus

106 1821 215 1847 mere
248 1807 447 1854 analytica
481 1806 617 1843 multo
652 1804 851 1856 pleniores
886 1816 927 1842 ac
964 1806 1214 1854 perfectiores
1252 1804 1362 1844 solu-

106 1871 233 1909 tiones
265 1867 487 1920 suppeditet
513 1896 524 1918 ,
572 1877 694 1918 quam
749 1867 860 1920 prior
914 1864 982 1904 illa
1024 1877 1075 1905 ex
1125 1864 1362 1906 Geometria

103 1933 238 1988 petita.
