1972 2652
515 241 600 289 546
726 235 829 279 DE
881 233 1107 275 MOTV
1138 232 1568 277 CORPORVM

511 335 761 401 discreparet,
797 353 837 384 vt
867 344 935 384 vix
969 344 1126 397 intelligi
1164 343 1276 397 poffit
1297 373 1309 393 ,
1344 343 1674 397 quemadmodum
1708 344 1776 386 ffl-

510 420 590 451 tem
626 413 746 449 ideam
785 417 910 447 motus
944 409 1060 449 medii
1096 408 1268 447 constitui
1300 407 1516 448 conueniat.
1558 406 1780 449 Innumera-

511 475 598 515 biles
629 473 774 512 styrsitan
808 470 1086 511 obseruationes
1116 471 1241 523 legem
1285 471 1476 523 quandam
1528 472 1778 524 aperuissent,

509 548 559 576 ex
594 549 661 588 qua
695 536 735 574 in
768 535 955 588 posterum
990 535 1070 574 eius
1102 534 1185 574 loca
1229 534 1520 586 quodammodo
1562 535 1777 587 praedicere

506 600 690 651 licuiffet3
727 610 955 651 nequaquam
989 607 1117 639 autem
1170 605 1274 650 patet
1297 627 1309 648 ‚
1360 599 1562 649 quomodo
1604 596 1776 639 Theona

507 662 553 702 ad
586 661 805 702 huiusmodi
842 671 993 702 motum
1044 660 1313 713 explicandum
1367 660 1649 701 accommodari
1703 673 1779 714 po·

507 724 645 765 tuiffet.
713 724 968 764 Imbecillitati
1003 724 1147 764 nostrae
1180 722 1460 776 sapientissimus
1500 733 1644 764 creator
1683 736 1778 764 con-

508 788 649 828 suluiffe
682 788 858 836 videtur,
888 788 991 840 quod
1027 787 1121 827 nulla
1156 798 1313 840 corpora
1347 787 1385 826 in
1419 786 1534 827 coelo
1567 788 1618 827 ita
1658 787 1779 828 colla·-

508 853 676 903 cauerit,
719 860 759 891 vt
793 863 926 891 eorum
965 860 1104 901 motus,
1123 862 1245 902 neque
1280 850 1325 889 ad
1368 848 1492 902 legem
1538 849 1777 904 planetarum

509 914 795 969 principalium,
831 926 953 968 neque
982 913 1211 967 satellitum,
1243 913 1366 953 referri
1400 911 1539 967 poffet.

659 1057 700 1094 4.
736 1044 970 1085 Huiusmodi
1001 1044 1361 1098 inuestigationem‚
1397 1055 1493 1097 quae
1528 1044 1626 1086 vires
1669 1043 1776 1099 inge-

507 1108 560 1148 nii
594 1107 750 1148 humani
809 1118 954 1149 tantum
1000 1121 1078 1150 non
1146 1109 1401 1148 transcendere
1449 1108 1626 1160 videtur,
1675 1118 1776 1149 certe

509 1183 585 1212 non
617 1171 735 1211 subito
770 1171 896 1225 sulcipi
929 1173 1164 1222 conueniet,
1198 1171 1259 1212 sed
1293 1171 1413 1225 potius
1447 1181 1601 1213 conatus
1632 1171 1774 1212 nostros

508 1236 747 1287 pedetentim
781 1247 830 1274 eo
874 1237 982 1288 dirigi
1017 1235 1221 1289 oportebit.
1322 1231 1511 1274 Generale‘
1554 1247 1648 1289 ergo
1683 1247 1775 1289 pro-

509 1296 633 1336 blemae
669 1300 781 1337 trium
818 1311 1024 1352 corporum
1061 1299 1095 1339 se
1132 1307 1267 1339 mutuo
1299 1297 1570 1339 attrahentium
1598 1300 1646 1338 ita
1664 1310 1774 1339 com*-

508 1359 727 1399 modiffime
759 1361 995 1412 restringetur
1017 1394 1027 1412 ,
1062 1372 1105 1402 vt
1138 1362 1246 1402 Vnius
1277 1361 1389 1401 maflh
1423 1373 1511 1414 prae
1546 1363 1642 1402 binis
1686 1361 1776 1402 reli-

506 1422 586 1474 quis
618 1421 713 1473 quasi
744 1422 929 1460 euanescat
955 1449 966 1471 ‚
998 1435 1071 1474 quo
1112 1424 1226 1475 pacto
1268 1424 1306 1462 id
1356 1425 1559 1463 commodi
1608 1424 1777 1476 asseque-

509 1495 618 1533 mur,
654 1491 698 1521 vt
731 1483 808 1522 duo
843 1495 1029 1536 corpora,
1064 1485 1209 1523 maiora
1240 1483 1402 1534 scilicet,
1434 1484 1635 1525 secundum
1671 1485 1773 1537 leges

507 1544 757 1599 Keplerianas
790 1555 1015 1585 moueantur
1042 1551 1051 1595 '‚
1082 1546 1278 1597 omnisque
1310 1546 1543 1596 perturbatio
1584 1547 1623 1585 in
1659 1557 1773 1587 motu

507 1611 602 1648 tertii
633 1608 900 1660 consumatur,
934 1609 1035 1648 cuius
1067 1601 1152 1648 situs
1184 1617 1221 1647 et
1255 1615 1383 1646 motus
1417 1607 1441 1647 si
1474 1608 1526 1664 abj
1563 1608 1672 1648 initio
1720 1609 1775 1650 ita·

506 1671 607 1711 fuerit
646 1681 883 1726 comparatus
904 1704 914 1723 ‚
948 1682 992 1711 vt
1027 1672 1072 1711 ad
1107 1670 1223 1710 ambo
1256 1671 1445 1711 maiorum
1479 1683 1594 1725 aequa
1615 1673 1653 1711 vi
1673 1673 1776 1726 quast

506 1734 706 1775 attrahatur
725 1767 736 1785 ,
770 1734 992 1775 habebimus
1019 1734 1205 1774 eiusmodi
1237 1732 1364 1773 casum
1388 1767 1399 1789 ‚
1433 1736 1535 1776 cuius
1577 1735 1772 1790 inuestiga-

505 1799 561 1838 tio
593 1811 733 1838 nouam
767 1798 874 1852 plane
911 1798 1136 1838 methodum
1170 1796 1340 1850 postulat.
1406 1798 1613 1839 Plurimum
1648 1800 1773 1853 abest,

508 1870 550 1899 vt
582 1861 658 1901 hoc
693 1861 888 1914 problema
922 1862 1072 1915 aggredi
1107 1861 1245 1910 ausim,
1295 1868 1340 1900 vt
1373 1862 1530 1915 potius,
1567 1861 1695 1904 frustra
1728 1865 1773 1905 in-

507 1934 556 1962 eo
585 1924 794 1965 euoluendo
824 1924 1028 1976 desudasse,
1061 1924 1167 1964 fateri
1199 1934 1341 1976 cogar3
1379 1936 1512 1966 verum
1549 1935 1676 1967 tamen
1709 1938 1771 1967 ca·

507 1984 587 2024 sum
620 1987 808 2028 obseruaui
840 1988 1003 2028 omnino
1036 1986 1253 2038 singularem
1284 2018 1294 2037 ,
1335 1998 1379 2025 ac
1412 1988 1653 2042 simplicitate
1688 2002 1768 2030 me-

509 2047 733 2087 morabilem
755 2079 767 2098 ,
801 2063 878 2104 quo
909 2050 1039 2091 Lunae
1071 2048 1256 2089 eiusmodi
1292 2057 1417 2090 motus
1466 2052 1644 2106 imprimi
1696 2064 1772 2107 po-

508 2109 650 2162 tuiffet,
670 2118 712 2148 vt
730 2122 913 2166 perpetuo
929 2112 1022 2165 Soli,
1044 2112 1106 2154 vel
1124 2111 1338 2165 coniuncta,
1358 2113 1422 2154 vel
1440 2115 1628 2169 opposita,
1647 2127 1768 2170 appa-

508 2173 623 2216 ritura
653 2170 797 2227 fumet,
828 2176 932 2219 cuius
965 2177 1065 2220 casus
1095 2175 1344 2220 consideratio
1362 2208 1375 2231 ,
1402 2190 1492 2221 cum
1527 2179 1624 2223 sorte
1643 2178 1708 2221 vsu
1727 2178 1768 2220 in

1400 2261 1403 2264 ·
1692 2241 1770 2285 hoc
