1972 2652
496 203 1144 253 PARALLAXI&
1369 220 1454 263 ng

191 322 362 363 habenda
392 319 496 363 effet.
574 320 730 362 Interim
765 331 804 361 et
836 320 897 361 hic
931 321 1049 373 aliqua
1082 318 1347 372 compensatio
1378 323 1464 363 teli-

193 388 288 426 citer
319 389 510 439 emergit,
551 398 643 439 quie
677 385 962 438 discrepantiam
1000 385 1106 424 istam
1147 384 1259 426 valde
1291 387 1430 426 minuit
1450 417 1464 438 ,

193 459 238 489 vt
289 462 333 489 ea
369 460 452 490 tuto
487 450 624 502 negligi
660 449 784 502 polsit.
889 449 1166 502 perpendamus
1197 460 1235 488 v.
1269 460 1304 488 c.
1339 460 1460 502 egres-

192 510 272 552 sum
308 511 387 559 ῼηε
419 525 440 552 e
473 514 574 553 disco
604 516 718 556 Olis,
752 513 807 560 (ξ.
845 511 932 558 26)
963 521 1005 552 et
1040 524 1268 565 augeamus,
1304 525 1374 564 pro
1406 525 1465 554 ra-

191 575 297 615 tione
333 579 514 629 temporis
546 577 594 615 ab
645 574 688 615 0
737 587 852 628 vsque
903 576 948 616 ad
1003 575 1039 617 E
1089 576 1232 629 elapsi,
1281 576 1460 630 angulum

189 637 320 679 OCH
353 642 498 679 circiter
530 640 648 679 tribus
678 639 831 679 minutis
869 641 1012 690 primis.
1111 641 1321 692 Augebitur
1365 652 1463 693 ergo

190 701 291 742 OH,
327 703 560 742 manentibus
592 701 694 751 CO,
728 700 860 742 COH
899 702 961 742 vel
993 700 1137 742 COE.
1235 702 1338 744 Hinc
1383 705 1462 743 mi·

188 776 310 806 nuitur
343 765 449 812 HE,
484 777 522 805 et
557 768 603 806 ab
636 778 681 806 ea
716 767 885 819 pendens
916 765 1012 822 QE.
1088 765 1299 818 Augcbitur
1330 777 1458 807 autem

188 840 338 882 quoque
371 826 499 869 CHE
530 830 594 870 vel
625 829 764 887 VQe,
797 841 908 883 quare
944 830 1186 869 manentibus
1217 828 1337 884 VQ,
1371 830 1464 882 Ve,

191 892 376 932 minuitur
419 892 496 949 Qe.
582 892 757 935 Effectus
792 893 902 946 igitur
936 893 1135 946 parili-axis
1164 891 1230 933 eE
1262 893 1314 933 est
1347 891 1464 933 diffe-

187 958 306 996 rentia
358 956 456 996 inter
505 958 737 998 diminuam
782 956 868 1013 QE
906 966 943 995 et
977 956 1204 996 diminutam
1240 955 1331 1013 ριν,
1367 967 1461 1009 quae

186 1031 207 1059 a
241 1019 451 1060 differentia
485 1021 746 1062 inuariatarum
782 1021 888 1077 QE,
923 1020 993 1076 Qe
1024 1019 1062 1073 (§
1113 1017 1200 1070 26)
1243 1019 1462 1060 ienfibilitet

187 1095 266 1122 non
299 1082 461 1124 differet.
560 1084 679 1124 Fac‘to
713 1088 920 1123 tentamine
953 1095 993 1123 et
1024 1083 1138 1122 aucto
1171 1080 1301 1123 OCH
1342 1083 1462 1124 tribus

187 1148 372 1197 minum,
406 1147 526 1201 reperi
558 1148 869 1200 eEz6“.50;
903 1159 993 1200 quae
1026 1139 1082 1200 (5.
1121 1145 1220 1198 26.)
1243 1147 1457 1197 :6“.47

183 1210 272 1251 circ.
309 1223 414 1250 max.
456 1212 600 1252 inuenta
632 1211 715 1252 fuit.
788 1213 880 1251 Hic
912 1211 1034 1251 modo
1066 1211 1115 1250 de
1150 1212 1357 1251 variatione
1390 1222 1461 1251 an-

182 1273 258 1326 guli
293 1271 376 1315 OC
388 1273 423 1314 H
457 1285 496 1314 et
528 1275 784 1316 declinationis
814 1274 916 1318 Silis
944 1274 1110 1314 nimium
1144 1273 1275 1315 soliciti
1307 1285 1355 1312 ne
1410 1274 1461 1315 si-

183 1348 282 1376 mus.
350 1336 519 1378 Sufficiet
553 1339 771 1392 quantitates
804 1338 886 1379 istas
905 1365 917 1387 ,
947 1337 995 1378 ad
1030 1348 1184 1390 tempus
1216 1337 1461 1378 coniunctio-

182 1400 238 1439 nis
272 1402 308 1440 in
341 1400 379 1441 Ο
414 1403 579 1440 inuentus
600 1433 610 1451 ‚
666 1403 865 1441 inuariatas
906 1402 1082 1439 retinere.
1182 1399 1298 1440 Nunc
1350 1399 1458 1441 filum

182 1463 486 1516 abrumpendum
537 1464 620 1514 est,
672 1475 718 1504 ne
771 1463 912 1504 limites
943 1462 1208 1503 diflertatinnis
1242 1461 1455 1502 transiliam.

183 1525 467 1575 Argumentum
503 1535 632 1563 autem
652 1554 665 1573 ‚
713 1529 815 1575 quod
848 1523 1029 1563 hactenus
1061 1523 1247 1570 tractant,
1300 1526 1337 1562 in
1383 1524 1456 1564 alia

183 1585 436 1624 dissertatione
490 1584 688 1624 secundum
743 1584 855 1625 aliam
888 1584 1118 1625 methodum
1154 1584 1456 1637 inuestigandum

183 1645 368 1687 resumere
400 1646 530 1687 licebit
549 1678 560 1696 ,
594 1659 688 1701 quae
721 1646 839 1689 forsan
873 1646 1014 1688 facilius
1047 1648 1226 1690 iudicium
1259 1649 1306 1689 de
1334 1660 1456 1703 quan-

184 1711 288 1768 titate
319 1710 515 1764 parallaxis
546 1721 599 1753 ex
631 1712 710 1753 eius
741 1711 937 1754 effeffibus
973 1711 1165 1765 largietur.

1262 2225 1452 2288 coust-j
