1972 2652
335 186 893 239 OBSERVATIONES
923 187 1225 237 OPTICAE.
1332 202 1422 244 283

485 303 1004 350 OBSERVATIO
1067 303 1105 346 L

206 394 315 456 De
370 397 740 457 »coloribus
805 395 1377 460 accidentalibus,

304 519 415 561 Dum
449 519 529 561 Sol·
555 521 618 562 vel
669 519 862 561 horizonti
914 520 1146 574 propinquus
1165 552 1177 573 ‚
1228 519 1289 559 vel
1339 519 1429 562 raris

155 582 329 624 obtectus
360 586 412 624 est
446 585 602 625 nubibus
622 613 634 628 ,
688 585 738 623 ita
772 592 814 623 vt
847 582 1017 636 splendor
1048 584 1158 636 ipsius
1190 584 1329 623 nimius
1360 584 1429 625 ali-

155 658 335 700 quantum
370 648 412 688 fit
446 647 642 688 hebetatus
661 679 672 698 ‚
704 658 823 698 neque
853 646 1006 684 oculum
1040 645 1211 689 laedere,
1241 647 1293 686 sat
1327 647 1427 687 vali..

155 710 245 751 dam
284 722 411 752 tamen
444 712 482 750 in
515 713 636 763 ipsum
670 706 962 760 impreffionem
1002 708 1211 758 producere
1267 710 1390 749 valeat
1410 740 1423 763 ‚

154 782 327 821 attente,
379 773 565 823 oculisque
601 782 679 810 non
712 770 939 818 commotis,
974 782 1043 822 per
1076 780 1241 824 quartam
1275 771 1424 813 circiter

151 836 289 876 minuti
323 835 441 888 primi
476 844 644 887 partem,
675 832 905 886 adspiciatur.
966 832 1011 874 Si
1044 843 1126 875 tum
1158 833 1260 875 oculi
1292 847 1313 875 a
1342 833 1422 876 So-

151 897 186 938 le
219 907 430 939 auertantur
450 931 461 951 ,
491 896 697 951 impreffio‚
728 897 890 950 indeque
921 906 1006 938 orta
1038 897 1212 950 sensatio,
1242 910 1320 938 non
1353 899 1429 940 sta-

148 961 223 1002 tim
257 963 470 1013 euanescit,
500 963 560 1003 sed
591 975 657 1015 per
692 961 761 1001 tria
793 961 858 1000 vel
889 970 1051 1014 quatuor
1083 963 1234 1002 minuta
1264 962 1392 1015 prima
1411 994 1423 1015 ,

147 1024 278 1065 immo
310 1025 430 1066 adhuc
463 1026 637 1078 longius,
665 1024 857 1077 perdurat.
953 1025 1092 1078 Aeque
1122 1034 1248 1065 autem
1284 1025 1422 1077 perstat

149 1086 246 1127 haec
281 1088 439 1127 sensatio
460 1119 470 1139 ,
520 1089 595 1128 siue
625 1088 724 1127 oculi
757 1086 971 1127 claudantur
997 1117 1010 1139 ,
1053 1086 1134 1126 fiue
1173 1088 1425 1140 aperiantur,

147 1149 200 1188 ast
231 1150 425 1201 singulares
455 1151 550 1202 sunt,
588 1161 684 1204 quae
716 1147 783 1189 has
811 1147 1038 1189 ,sensationes
1069 1149 1316 1204 comitantur„
1350 1151 1424 1192 cir-

148 1212 390 1252 cumstantiae
417 1241 428 1261 ‚
477 1225 567 1265 quas
617 1212 787 1264 repetitis
831 1212 1108 1253 ¹tentaminibus
1153 1214 1281 1254 reduci
1312 1213 1421 1269 poffe

147 1275 195 1315 ad
229 1275 329 1328 leges
362 1275 553 1328 sequentes
582 1276 719 1329 reperii
780 1273 969 1327 ‚Namque

270 1375 311 1422 1)
342 1366 382 1411 Si
417 1369 572 1421 statim,
605 1369 694 1409 dum
729 1367 827 1409 oculi
859 1380 879 1408 a
911 1365 1006 1408 Sole
1038 1377 1258 1411 auertuntur
1277 1401 1288 1423 ‚
1321 1369 1420 1412 clau·

144 1431 308 1476 dantur,
355 1433 503 1472 videtur
551 1434 697 1473 macula
746 1431 997 1484 irregulariter
1050 1434 1271 1487 circularis,
1315 1435 1418 1476 cuius

145 1507 228 1536 area
259 1497 402 1537 interna
436 1495 563 1537 abccl
594 1496 768 1536 colorem
798 1495 917 1535 habet
947 1495 1092 1537 flauum
1116 1523 1129 1540 ,
1162 1497 1418 1552 quodammo-
1443 1492 1529 1552 Tflb·
1555 1493 1603 1530 V·

145 1558 199 1598 do
231 1559 277 1600 ad
312 1557 473 1600 viridem
508 1569 733 1612 vergentem
758 1588 769 1609 ‚
822 1558 941 1611 qualis
975 1558 1049 1599 effe
1095 1560 1186 1601 solet
1238 1562 1419 1613 sulphuris
1444 1541 1518 1594 Eg·
1549 1558 1583 1581 ¹·

144 1623 374 1662 communis.
474 1624 577 1662 Area
608 1633 736 1663 autem
773 1620 865 1661 haec
899 1621 992 1661 flaua
1026 1623 1190 1675 cingitur
1224 1625 1419 1679 margine,

145 1682 221 1725 siue
254 1684 392 1724 annulo
425 1684 555 1741 esgh,
583 1686 646 1739 qui
679 1685 796 1726 rubro
827 1684 957 1725 colore
990 1685 1129 1725 tincstus
1159 1686 1323 1727 videtur.

265 1784 309 1827 2)
346 1778 578 1830 Aperiantur
619 1787 701 1818 tum
745 1777 877 1820 oculi.
915 1787 1033 1831 ¹atque
1081 1779 1328 1821 coniiciantur
1377 1781 1416 1823 in

149 1841 335 1895 parietem
369 1849 431 1881 aut
461 1841 624 1882 tabulam
659 1841 870 1881 dealbatam
887 1873 905 1893 ⁷,
948 1850 1058 1894 atque
1088 1841 1205 1883 fundo
1239 1842 1326 1884 huic
1359 1844 1417 1885 al-

150 1905 200 1946 bo
234 1905 425 1945 inhaerere
459 1906 644 1946 videbitur
675 1905 822 1945 macula
846 1932 858 1948 ,
911 1917 996 1944 cum
1031 1906 1097 1946 ista
1118 1939 1128 1959 ,
1171 1919 1265 1960 quae
1298 1907 1416 1949 oculis

148 1969 276 2009 claufis
325 1969 582 2023 conspicitur,
637 1969 761 2022 quoad
808 1969 1113 2022 magnitudinem
1166 1979 1204 2010 et
1254 1970 1413 2024 figuram

148 2034 315 2072 omnino
344 2034 564 2076 coincidens
583 2065 596 2092 ,
642 2033 756 2087 longe
794 2042 923 2073 autem
956 2032 1025 2074 alia
1054 2034 1198 2075 ratione
1229 2034 1412 2077 colorata.

142 2095 331 2153 Namque

761 2170 917 2216 an
1368 2170 1415 2221 3)
