1972 2652
546 210 637 260 &4
752 195 1594 248 OBSERVATIONES

659 325 704 370 3)
737 328 851 365 arca,
888 327 983 369 quae
1016 313 1134 355 oculis
1163 312 1292 354 clausis
1320 312 1511 354 videbatur
1544 312 1660 365 flaua,
1694 306 1807 366 apest

542 383 587 424 tis
635 390 794 436 apparet
841 379 981 427 rubea,
1037 377 1097 418 seu
1146 376 1272 431 potius
1310 376 1439 417 colore
1471 377 1637 418 brunneo
1668 376 1708 416 in
1742 388 1802 416 ru—

540 447 648 487 brum
686 451 863 495 vergente
899 441 1033 482 tincta.
1095 440 1235 494 Margo
1266 449 1393 481 autem
1416 471 1428 495 ,
1462 441 1525 494 qui
1556 441 1663 480 ruber
1694 438 1806 479 vide-

540 508 645 549 batur
696 506 878 559 quamdiu
928 504 1033 545 oculi
1086 503 1197 544 clausi
1241 512 1377 556 etant,
1430 502 1472 544 in
1520 501 1637 543 fundo
1686 501 1806 553 albo,

540 571 679 626 apertis
707 569 824 611 oculis
856 568 1049 609 coeruleus
1081 567 1244 607 videtur.

658 671 704 717 4)
737 662 777 706 Si
809 673 892 703 tum
928 662 1028 702 oculi
1063 661 1178 701 rursus
1210 660 1431 701 claudantur
1451 692 1463 712 ,
1495 660 1592 701 redit
1623 670 1808 714 apparen-

540 730 590 771 tia
623 742 726 769 num.
773 736 811 766 1.
849 726 874 767 fi
904 727 1113 778 aperiantur
1144 724 1207 763 illa
1239 735 1339 763 num.
1376 736 1400 761 2
1436 733 1473 763 et
1508 738 1555 775 3,
1601 723 1655 765 2st
1700 722 1806 764 colo·-

540 805 599 833 res
632 803 709 831 non
743 790 908 830 omnino
940 788 1056 827 iidem
1111 795 1295 834 manent,
1348 785 1406 825 sed
1456 788 1641 825 continuo
1687 783 1808 836 magis

542 855 734 908 magisque
779 855 1039 894 immutantur.
1121 848 1264 905 Quodsi
1302 847 1348 888 ad
1382 847 1451 888 has
1485 847 1714 888 mutationes
1747 855 1807 886 at-

542 918 716 958 tendatur
736 949 747 970 ,
798 914 1078 971 obseruabitur‚
1114 913 1198 969 post
1230 911 1423 953 minutum
1455 911 1600 954 circiter
1631 909 1811 967 primum

542 981 729 1035 temporis

663 1063 707 1110 5)
741 1060 857 1102 oculis
889 1057 1015 1099 clausis
1049 1069 1173 1098 aream
1228 1055 1395 1097 maculae
1445 1053 1570 1095 videri
1617 1053 1814 1106 eleganter

542 1121 704 1164 'viridem
728 1152 738 1166 ‚
786 1122 1069 1176 marginemque
1101 1120 1276 1173 equidem
1311 1115 1505 1171 perstitisse
1537 1118 1690 1158 rubrum
1714 1142 1726 1166 ‚
1755 1116 1809 1157 assi

542 1186 699 1227 rubrum
734 1186 879 1226 huncce
911 1185 1082 1224 colorem
1119 1184 1169 1222 ita
1202 1191 1387 1222 mutatum
1422 1181 1494 1222 effe
1517 1212 1532 1235 ,l
1559 1191 1604 1222 vt
1634 1190 1655 1220 a
1685 1178 1814 1234 priori

545 1260 652 1291 num.
693 1262 712 1288 1
751 1248 962 1290 sensibiliter
995 1247 1071 1287 iam
1104 1244 1263 1286 differat.

662 1347 708 1393 6)
742 1342 870 1383 Oculis
901 1340 1039 1395 apertis
1058 1370 1069 1389 ‚
1102 1340 1144 1379 in
1174 1337 1291 1378 fundo
1321 1338 1408 1378 albo
1428 1371 1440 1390 ,
1478 1351 1606 1380 aream
1640 1337 1816 1379 maculae

545 1405 665 1458 magis
697 1406 742 1445 ad
775 1409 926 1445 rubrum
963 1414 1118 1455 vergere
1137 1434 1148 1454 ‚
1180 1401 1462 1455 marginemque
1494 1401 1660 1454 laetiori,
1690 1411 1811 1454 quam

546 1479 668 1520 antea,
703 1467 829 1508 colore
860 1467 1038 1509 coeruleo
1073 1465 1253 1519 gaudere.

664 1568 708 1614 7)
743 1562 829 1602 Post
862 1561 958 1601 aliud
993 1561 1177 1601 minutum
1230 1559 1400 1612 primum
1457 1559 1605 1599 circiter
1631 1584 1643 1607 ,
1695 1557 1816 1598 oculis

545 1623 705 1675 clausis,
740 1638 824 1665 area
859 1624 1025 1664 maculae
1060 1623 1244 1663 videbitur
1285 1623 1461 1675 equidem
1495 1621 1621 1660 viridis
1650 1619 1770 1660 adhue
1800 1650 1820 1672 ,

544 1689 603 1728 scd
642 1689 760 1741 magis
791 1688 836 1728 ad
867 1687 1077 1727 coeruleum
1130 1697 1326 1737 vergens-7
1373 1695 1505 1737 margo
1551 1683 1622 1722 erit
1670 1683 1816 1734 tuber,

544 1752 596 1792 ast
627 1751 732 1792 color
762 1751 825 1792 hic
857 1749 975 1790 rursus
1005 1750 1053 1790 ab
1086 1760 1138 1790 co
1172 1760 1279 1787 num.
1315 1760 1335 1786 1
1376 1756 1412 1788 et
1445 1757 1468 1797 5
1506 1746 1677 1788 diuersus.

666 1842 705 1898 8)
738 1844 868 1885 Oculis
899 1854 1024 1885 autem
1056 1842 1208 1898 apertis,
1228 1842 1266 1881 in
1297 1842 1413 1882 fundo
1445 1841 1530 1882 albo
1560 1852 1645 1882 area
1683 1852 1819 1882 cerne*-

547 1915 607 1947 tur
639 1907 760 1947 adhuc
793 1908 897 1948 rubra
922 1939 933 1957 ,
973 1919 1109 1962 margo
1138 1906 1333 1946 coeruleus
1357 1932 1372 1955 ,.
1421 1904 1565 1945 colores
1601 1912 1727 1946 autem
1768 1903 1816 1946 hi

548 1981 638 2011 cum
670 1979 776 2010 antea
809 1970 1006 2013 obseruatis
1036 1983 1116 2014 non
1148 1977 1253 2011 erunt
1285 1967 1426 2023 [ποι-ῶς
1457 1968 1591 2010 iidem.

663 2066 707 2123 9)
742 2067 826 2109 Post
859 2084 889 2121 4
923 2072 1076 2113 tandem
1107 2079 1167 2112 aut
1203 2080 1223 2119 5
1264 2069 1411 2111 minuta
1431 2102 1443 2122 ‚
1496 2068 1616 2112 oculis
1648 2062 1811 2118 claufis‚'

549 2146 612 2178 tea
644 2132 839 2178 videbitur
870 2133 1015 2189 penitus
1048 2135 1223 2179 coerulea
1247 2165 1259 2189 ,
1291 2144 1496 2190 margoque
1529 2134 1717 2189 eleganter
1749 2142 1814 2170 ru-

1697 2194 1817 2248 beusf,
