1972 2652
548 198 997 243 οΡΤΙοΑΕ.
1303 181 1411 252 w?

147 314 223 355 eius
253 311 354 366 quod
405 309 574 366 descripsi
621 309 876 366 phaenomeni
895 343 907 364 ‚
957 308 1138 353 sufficiens
1186 312 1392 367 explicatio

144 378 222 418 dari
252 374 411 430 poterit.
526 378 528 381 ’

282 501 433 544 Locum
467 510 591 544 autem
623 501 797 544 obstaculi
826 499 938 542 huius
969 513 1092 556 prope
1125 502 1289 543 tunicam
1334 515 1396 542 re-

144 566 266 606 tinam
299 565 452 607 statuere
485 577 690 620 eapropter
737 564 947 616 debemus,
998 566 1173 618 quoniam
1197 598 1208 616 ,
1257 565 1282 607 fi
1331 565 1396 605 vel

146 638 233 669 ante
268 628 451 682 pupillam
475 657 488 678 ,
537 630 598 669 vel
629 629 812 683 proxime
849 627 935 678 post
980 638 1094 676 eam,
1143 629 1180 667 in
1232 626 1396 668 humore

145 690 390 744 crystallino,
422 701 485 731 aut
515 692 635 741 alibi,
668 690 837 730 haereret
857 718 868 737 ‚
900 688 1097 740 dioptticis
1132 689 1272 741 legibus
1302 702 1398 730 con.

143 753 317 793 formiter
338 783 351 805 ,
401 753 556 793 claritati
590 752 742 804 quidem
775 749 952 800 imaginis
982 751 1021 789 in
1054 752 1152 791 oculi
1185 750 1298 791 fundo
1331 754 1394 792 de-

143 813 264 867 pistae
294 814 562 866 praeiudicium
594 812 726 853 afferre
746 841 760 862 ‚
809 813 862 853 ast
891 811 1009 866 ipsum
1044 812 1092 853 sui
1125 813 1310 867 picturam
1358 814 1397 855 in

144 876 308 918 tunicam
342 877 502 917 retinam
538 876 724 930 proiiccre
757 886 833 916 non
866 876 1001 928 poffi3t.
1065 873 1247 917 Similiter
1288 889 1396 917 nem-

143 948 222 992 pe,
269 948 313 979 vt
350 939 391 978 in
426 951 577 981 camera
616 938 768 981 obscura
788 970 799 990 ‚
851 937 890 977 in
923 950 994 992 qua
1028 949 1169 994 corpus
1199 953 1364 993 opacum
1388 973 1401 992 ,

143 1001 234 1049 lenti
283 1001 490 1043 obiectiuae
537 1002 767 1057 applicatum
796 1033 807 1053 ‚
846 1010 908 1041 aut
939 1014 1072 1056 parum
1120 1004 1167 1044 ab
1216 1003 1288 1056 ipsa
1338 1004 1399 1044 di-

144 1058 270 1116 stans,
302 1065 512 1118 quosdam,
552 1066 608 1120 ‘ad
644 1064 815 1118 quemuis
849 1064 1119 1117 penicillorum
1168 1065 1396 1106 radiosorum

143 1127 377 1177 pertinentes
398 1157 409 1178 ‚
444 1126 564 1166 radios
595 1126 862 1180 intercipiens,
897 1127 1102 1178 imaginem
1138 1127 1285 1180 pariete
1326 1139 1398 1169 ex-

137 1196 325 1242 ceptam,
358 1187 528 1247 debilitat
559 1189 734 1242 quidem,
766 1188 818 1228 ast
852 1189 976 1242 ipsum
1011 1202 1088 1230 non
1122 1189 1346 1244 depingitur.

287 1313 394 1356 Cum
426 1312 548 1369 itaque
579 1313 707 1358 oculus
738 1312 921 1357 vniuersus
953 1328 1072 1369 prope
1103 1313 1269 1357 tunicam
1307 1318 1399 1358 reti-

138 1389 230 1419 mm
265 1377 425 1418 humore
457 1378 505 1418 fic
536 1378 640 1419 disto
672 1380 795 1427 vitreo
835 1381 995 1432 repletus
1047 1380 1122 1431 fit,
1174 1380 1266 1420 certi
1317 1380 1395 1421 iam

138 1441 214 1480 effe
250 1440 471 1494 poffumusf,
505 1440 629 1482 sedem
659 1442 789 1483 'morbi
821 1454 899 1482 non
928 1443 1016 1483 alibi
1040 1475 1051 1493 ,
1083 1453 1198 1496 quam
1241 1443 1279 1482 in
1310 1455 1396 1483 cor-

141 1514 236 1555 pore
253 1503 328 1544 hoc
346 1535 357 1556 ‚
377 1504 622 1556 quaerendam
658 1506 749 1546 effe.
815 1503 915 1546 Cum
946 1515 1071 1546 autem
1099 1507 1268 1546 humoris
1285 1506 1398 1547 vitrei

140 1564 334 1605 inbstantia
368 1567 558 1607 contineat
611 1568 685 1607 fine
717 1568 836 1608 dubio
888 1572 968 1609 vata
1013 1569 1236 1608 {ubtiiiffima
1257 1599 1268 1619 ,
1300 1570 1395 1619 lym-

142 1627 259 1680 pham
294 1628 404 1667 valde
436 1629 664 1681 diaphanam
719 1630 923 1680 vehentia,
974 1631 1168 1671 indubium
1220 1631 1365 1670 videtur
1387 1662 1399 1681 ,

141 1689 234 1729 oriri
266 1690 439 1740 maculas,
473 1692 521 1730 de
553 1693 684 1745 quibus
717 1693 898 1733 hactenus
928 1694 1093 1744 diss'erui,
1125 1704 1145 1731 a
1178 1692 1398 1733 dilatatione

141 1751 371 1792 vasculorum
425 1753 577 1795 istorum
626 1754 940 1803 vehementiori,
990 1768 1061 1808 qua
1111 1753 1271 1796 efficitur
1292 1788 1303 1806 ,
1352 1765 1395 1796 vt

141 1825 265 1867 partes
295 1813 512 1866 crassiores,
547 1829 687 1869 opacae
700 1849 715 1867 .,
750 1829 793 1857 ac
826 1819 950 1858 lumen
983 1819 1089 1858 aliter
1121 1829 1164 1857 ac
1196 1818 1356 1872 lympha
1381 1851 1394 1873 ,

143 1890 256 1929 quam
289 1878 334 1935 in⁴
360 1878 452 1917 statu
485 1880 636 1919 naturali
670 1880 827 1931 vehunt,
846 1880 1109 1934 refringentes,
1141 1881 1215 1934 ipsa
1233 1884 1400 1936 intrent;

141 1940 336 1988 breuibus,
392 1953 462 1993 pro
519 1942 644 1982 varice
677 1945 772 1995 quasi
807 1945 1033 1985 vasculorum
1067 1943 1393 1996 lymphaticorum

140 2002 327 2043 habendas
359 2004 432 2043 effe
465 2003 529 2045 has
561 2005 722 2046 maculas
745 2038 757 2061 ‚
791 2007 928 2047 iudico,
1010 2005 1104 2049 Non
1154 2007 1394 2048 mediocriter

141 2077 290 2118 quoque
322 2066 528 2108 confirmor
560 2068 598 2107 in
651 2065 722 2109 hac
774 2070 950 2111 sententia
982 2065 1051 2125 per
1083 2070 1244 2110 maculas
1276 2072 1393 2125 primi

136 2129 284 2182 generis
316 2129 418 2185 supra
453 2130 672 2187 descriptas,
705 2134 838 2186 opacis
870 2133 1134 2187 adhaerente53
1169 2131 1241 2174 hae
1273 2135 1392 2186 enim,

770 2195 808 2237 O
827 2207 852 2236 o
887 2207 912 2233 2.
1349 2197 1386 2233 in
