1972 2652
574 278 661 318 με,
827 261 1576 308 DEENTROCHJS

692 380 738 434 β)
770 378 932 419 Ratione
969 376 1192 428 figurarum,
1227 389 1315 429 quas
1349 378 1386 416 in
1422 376 1679 430 superficiebus
1712 375 1839 416 osten-

575 443 665 483 dunt
688 471 697 484 ,
730 452 820 492 quae
854 441 890 479 iu
911 440 1103 492 'lapidibus
1136 442 1267 480 uostris
1298 442 1498 480 cochleatis
1533 442 1710 490 eaedem,
1744 451 1842 492 quae

385 514 454 551 'lab
480 508 611 551 xuiu
662 503 862 544 Eutrochis
916 512 956 542 et
991 503 1143 543 Asteriis
1175 502 1267 545 sunt.
1367 504 1429 544 Sic
1463 517 1497 543 e.
1531 518 1569 557 g.
1606 503 1704 543 Tab.
1736 502 1837 544 ΧΠ.

404 565 480 614 Ειὲ.
513 581 541 601 x.

409 896 483 947 Fig.
514 912 546 937 2.

406 1401 481 1454 Fig-
512 1416 544 1446 a·

403 1514 479 1565 Fig.
505 1534 540 1563 4.

408 1833 483 1881 Yig.
509 1846 540 1876 5.

570 569 631 617 fig.
673 584 709 608 1.
746 579 783 607 a,
823 566 986 620 lapidem
1042 567 1202 606 exhibet
1253 567 1507 608 trochlearum
1557 567 1804 617 cylindricum
1828 597 1840 618 ,

568 632 668 671 cuius
701 630 873 670 lamellae
915 642 964 669 ex
1017 640 1151 670 centro
1195 629 1319 670 versus
1370 630 1629 683 peripheriam
1681 629 1841 679 radiatae

554 694 663 734 sunt.
729 693 752 733 b
798 692 875 733 sunt
925 703 996 732 tres
1025 692 1198 732 lamellae
1235 694 1330 732 circa
1385 705 1500 733 axem
1551 691 1749 741 versatiles.
1801 704 1838 734 c.

571 758 624 797 est
658 757 834 809 Eetypus
866 756 1035 795 lamellae
1065 755 1240 804 stellatae,
1273 758 1310 795 in
1343 757 1444 796 cuius
1485 757 1616 796 medio
1663 757 1745 809 axis
1774 756 1843 796 ad-

571 820 647 861 huc
700 821 909 873 prominet.
1004 818 1119 870 Lapis
1161 820 1237 871 ipse
1270 820 1320 858 est
1351 820 1452 859 albus
1483 820 1686 870 calcamus,
1719 830 1842 872 prope

572 885 683 924 aedes
716 883 942 925 venatorias,
979 880 1191 923 Auerhahn
1225 881 1351 932 dietas,
1386 891 1518 922 erutus,
1563 882 1643 934 Fig.
1684 894 1724 921 2.
1758 929 1761 935 ¹
1789 881 1842 923 est

570 948 664 1000 lapis
699 959 815 1000 aeque
848 947 1031 986 calcareus
1064 946 1185 994 albus,
1216 946 1254 984 in
1287 958 1364 999 quo
1397 958 1435 986 a.
1498 957 1611 984 axem
1647 944 1693 984 ab
1714 944 1839 985 omni-

570 1010 635 1051 bus
664 1010 825 1051 lamellis
856 1010 1096 1056 denudatam,
1131 1009 1169 1047 in
1220 1010 1351 1049 medio
1380 1008 1550 1049 cauitatis
1580 1008 1839 1062 constitutam,

567 1074 782 1121 monstrat,
829 1072 961 1112 fundus
1000 1081 1040 1111 et
1072 1083 1156 1124 pars
1185 1070 1349 1125 superior
1380 1074 1488 1112 vacui
1523 1081 1662 1124 typum
1694 1071 1836 1111 Eutro-

568 1135 630 1175 chi
663 1134 794 1175 radiati
832 1135 1028 1174 monstrat.
1066 1135 1104 1174 b.
1141 1137 1392 1187 repraesentat
1436 1147 1598 1175 vacuum
1634 1135 1839 1175 rotundum

567 1199 685 1251 priori
721 1199 840 1239 [imile
862 1226 873 1247 ,
906 1207 1074 1247 excepto
1096 1226 1106 1246 ‚
1138 1199 1239 1250 quod
1271 1210 1347 1237 non
1379 1198 1445 1238 nlsl
1479 1210 1560 1252 pars
1590 1198 1729 1251 exigua
1762 1198 1842 1247 axis

567 1261 761 1302 diffrastae
795 1263 834 1301 in
873 1272 1004 1301 centro
1037 1262 1112 1301 eius
1144 1261 1186 1301 fit
1217 1261 1426 1301 constituta.
1462 1274 1495 1301 c.
1527 1261 1691 1302 monstat
1723 1271 1839 1313 typos

568 1324 855 1366 Entrochorum
886 1326 1114 1365 radiatorum
1148 1337 1237 1365 curn
1269 1324 1400 1364 axibus
1432 1336 1485 1364 ex
1535 1334 1642 1378 parte
1693 1325 1840 1378 promi-

569 1388 676 1427 nulis.
711 1389 750 1426 d.
805 1388 943 1426 diuersa
983 1387 1180 1436 conchylia
1234 1387 1438 1440 petrefae'ta
1469 1388 1637 1439 exhibet.
1676 1388 1759 1440 Fig.
1794 1382 1838 1434 ss.

570 1450 622 1490 est
658 1449 799 1490 minera
852 1448 979 1488 martis
1029 1460 1078 1487 ex
1131 1459 1234 1500 parte
1278 1451 1393 1488 silicea
1431 1450 1759 1496 Huttenrodenfis,
1796 1450 1838 1487 in

570 1527 639 1567 qua
661 1512 827 1553 trochlea
862 1524 902 1551 a.
934 1510 1028 1550 οᾶο
1058 1511 1227 1550 constans
1255 1509 1461 1550 Entrochis
1491 1512 1652 1549 radiatis.
1691 1511 1771 1562 Fig.
1792 1525 1836 1559 4.

569 1578 737 1617 eiusdem
789 1574 922 1614 indolis
965 1577 1148 1613 mineram
1186 1574 1403 1622 monstrat,
1454 1574 1520 1612 vbi
1570 1586 1610 1612 α.
1649 1587 1687 1613 a.
1750 1574 1842 1613 duas

569 1639 773 1691 trochlea53
822 1638 844 1677 b
877 1637 910 1677 b.
980 1637 1072 1676 duos
1106 1636 1315 1688 typolirhos
1348 1634 1516 1674 eiusdem
1567 1636 1714 1685 generis
1747 1647 1838 1676 cum

568 1702 734 1756 partibus
767 1701 894 1740 axium
929 1699 1070 1740 suarum
1108 1699 1386 1751 diffradtarum3
1427 1712 1459 1738 c.
1514 1697 1750 1748 typolithum
1791 1697 1841 1737 fi-

567 1778 614 1806 ne
648 1777 751 1818 axe3
785 1765 818 1805 d.
850 1776 964 1803 axem
1000 1764 1210 1816 integram,
1244 1763 1281 1802 in
1333 1763 1435 1800 cuius
1491 1760 1623 1800 medio
1656 1761 1837 1814 particula

570 1831 705 1883 exigua
740 1827 916 1868 eutrochi
952 1827 1085 1866 radiati
1117 1827 1209 1866 erofi
1227 1839 1260 1865 e.
1297 1825 1444 1877 haeret,
1477 1825 1652 1864 offerunt.
1688 1823 1770 1877 Fig.
1794 1837 1836 1874 5.

569 1893 780 1933 trochleam
834 1891 1083 1944 ferrugineam
1136 1889 1466 1930 Huttenrodanam
1518 1887 1705 1927 monstrat
1755 1890 1833 1926 66.

570 1956 727 1995 lamellis
772 1954 1023 2008 compositam
1046 1985 1058 2004 ,
1112 1953 1406 2006 magnitudinem
1442 1961 1481 1990 et
1511 1949 1713 1991 craffitiem
1747 1952 1837 1992 icon

504 2039 509 2045 ·
572 2018 736 2057 exhibet.
772 2032 811 2059 a.
847 2019 958 2071 igitur
991 2017 1045 2057 est
1078 2016 1244 2057 trochlea
1275 2017 1383 2069 ip{a;
1415 2014 1451 2054 b.
1481 2015 1563 2054 sunt
1594 2014 1691 2067 quafi
1724 2014 1872 2055 colna-

572 2081 709 2121 mellae
742 2079 1063 2132 perpendiculares
1093 2091 1131 2120 et
1165 2079 1358 2133 parallelae
1391 2090 1553 2117 nurnero
1578 2079 1740 2132 quinque
1752 2091 1768 2131 ς
1797 2091 1833 2119 ca

574 2143 624 2183 est
654 2143 771 2196 figura
805 2142 930 2181 stellae
959 2144 1282 2197 quinquangularis
1315 2141 1457 2183 siliceae
1508 2142 1610 2182 albae
1635 2174 1646 2193 ,
1693 2141 1835 2203 halone

573 2206 672 2262 ‘11¹³st
713 2205 879 2261 quodam
927 2205 1114 2264 Ochraceo
1162 2207 1393 2267 circumdata
1409 2236 1424 2264 ,
1473 2206 1534 2262 qui
1583 2205 1830 2307 cylindrigarn

1768 2275 1833 2307 [ΠΩ
