1972 2652
389 272 510 319 ET
566 268 1059 316 ASTERIIS„
1280 287 1366 325 ,μς

665 387 698 437 §-
764 396 808 436 ς.

255 463 329 505 His
361 474 462 504 nunc
494 461 800 518 praesuppositis,
829 471 896 513 et,
928 460 984 501 vti
1017 460 1154 517 spero,
1191 460 1373 504 sufficiens

109 536 168 570 ter
196 528 487 582 comprobatis,
520 526 745 581 progredior
780 538 877 567 nunc
910 526 956 565 ad
990 524 1169 567 Examen
1204 526 1374 579 lapidum

108 591 393 633 cochleatorum
443 591 582 645 ipsum.
679 588 960 629 Definitionem
1013 589 1150 631 horum
1201 590 1375 644 lapidum

108 649 149 698 9.
186 668 226 695 2.
257 654 358 695 dedi.
421 654 539 694 Patria
571 651 654 705 ipsis
683 651 733 692 est
782 653 949 705 Anglia‚
995 651 1202 694 Germania
1251 664 1288 694 et
1338 654 1376 695 in

111 731 157 760 ea
204 717 381 771 inprimis
426 715 669 769 Westphalia
689 744 702 766 ,
752 713 952 764 Saxonia,
1004 718 1175 767 regiones
1228 716 1392 769 Hercy-·

112 781 220 823 niam
250 781 390 833 syluam
423 780 631 821 adiacentes
650 805 662 828 ,
716 775 840 819 Silefia
859 808 870 829 ,
912 775 1081 818 Ducatus
1116 779 1377 822 Wrirtenber·

110 844 231 898 genfis
261 853 299 882 et
331 844 550 896 complures
579 840 672 880 aliae
691 842 901 894 prouinciae
924 840 1102 892 Sueuiae,
1140 841 1375 898 Franconizi⁹

109 907 275 960 aliaeque
304 905 490 958 regiones.
559 902 783 958 Praeprimis
815 916 910 945 vero
943 904 969 945 ii
1005 917 1184 959 magnum
1221 906 1288 946 fibi
1320 909 1378 948 fa-

111 980 220 1010 mam
254 968 555 1022 acquifiuerunt,
606 969 667 1022 qui
705 969 743 1008 in
781 969 996 1022 principatu
1036 967 1376 1023 Blankeuburgenst

112 1044 166 1073 ex
199 1030 422 1073 ferrifbdinis
453 1031 752 1073 Huttenrodanis
784 1043 976 1073 eruuntur.
1059 1031 1276 1074 secunium
1313 1034 1376 1075 fibi

111 1094 240 1136 locum
288 1096 480 1136 vindicant
500 1125 510 1139 ,
560 1096 623 1148 qui
669 1093 884 1137 Goslariam
918 1097 1015 1136 inter
1045 1105 1084 1136 et
1116 1094 1377 1138 Clausthalum

109 1169 233 1212 prope
264 1160 372 1199 aedes
417 1158 675 1209 Venatorias,
723 1155 938 1199 Auerhahn
989 1158 1134 1211 distas,
1184 1171 1378 1202 eruuntur.

108 1218 232 1262 Color
264 1232 399 1261 eorum
433 1222 554 1262 varius
585 1220 654 1260 effe
701 1220 791 1261 solet
814 1251 826 1272 ‚
880 1233 976 1262 nunc
1023 1222 1125 1261 enim
1176 1223 1377 1279 cinereus,

110 1295 212 1326 nunc
244 1282 475 1336 ochraceus,
524 1283 714 1324 interdum
746 1293 786 1322 et
820 1282 941 1324 roseus
978 1285 1205 1327 obstruatur.
1307 1286 1380 1328 Su·

108 1347 242 1400 petest,
277 1355 321 1388 vt
355 1346 633 1398 demonstrem,
661 1359 728 1388 eos
760 1359 850 1388 vere
881 1348 927 1388 ad
961 1348 1182 1390 Entrochos
1198 1357 1238 1390 et
1263 1350 1380 1392 Aste-

110 1411 183 1452 rias
213 1411 418 1464 pertinere.

256 1482 406 1524 Omnes
436 1492 476 1524 et
506 1482 638 1537 singuli
671 1482 780 1524 huius
811 1483 960 1537 generis
995 1482 1140 1539 lapides
1182 1484 1379 1528 trochleati

106 1545 187 1587 sunt
218 1546 284 1588 vel

343 1612 383 1658 ι)
417 1610 640 1661 cylindrici,
672 1609 737 1650 vel

346 1686 389 1731 2)
424 1682 609 1735 polyedri.

234 1758 276 1806 ι)
305 1751 515 1806 Cylindrici
548 1769 599 1798 ex
630 1758 739 1799 omui
775 1768 882 1813 parte
914 1772 1003 1802 cum
1058 1761 1262 1804 Entrochis
1308 1775 1379 1806 coa

113 1817 344 1860 lumnaribus
371 1820 631 1862 conueniunt,
677 1822 705 1862 fi
745 1825 836 1863 [olas
892 1824 1056 1865 incisuras
1104 1827 1374 1880 excipiamus,

114 1882 255 1935 quippe
289 1893 380 1934 quae
415 1882 673 1935 profundiores
704 1884 745 1924 in
776 1887 905 1928 nostris
936 1888 1018 1928 sunt
1036 1888 1232 1942 lapidibus,
1263 1904 1377 1945 quam

115 1945 153 1987 in
200 1944 412 1986 Entrochis
433 1977 444 1996 ,
489 1948 594 1987 cuius
639 1949 900 2001 phaenomeni
933 1952 1078 1992 caufam
1113 1953 1203 1994 infra
1234 1956 1375 1996 videbi-

116 2020 217 2049 mus.
301 2006 578 2062 conueniunt,
624 2011 794 2065 inquam,
845 2016 968 2069 quoad
998 2016 1138 2071 reliqua
1171 2030 1257 2060 cum
1290 2019 1375 2061 En·
1438 2053 1442 2058 .

114 2072 262 2113 trochis
281 2103 294 2125 ,
324 2082 364 2112 et
396 2073 549 2126 quidem
585 2075 755 2130 resperstu
989 2090 992 2093 ·

233 2153 278 2194 α)
313 2145 500 2199 Formae,
533 2160 646 2202 quae,
675 2150 730 2191 vti
760 2151 800 2192 in
832 2150 1036 2193 Entrochis
1066 2161 1105 2194 et
1136 2153 1375 2198 Asteriisco·

115 2207 366 2263 lumnaribus,
393 2222 490 2253 nunc
522 2214 692 2258 rotunda,
725 2227 822 2257 nunc
853 2216 1047 2272 polygona
1080 2217 1146 2260 est.

694 2283 886 2342 Gggz
1222 2286 1372 2342 miza<
