<?xml version="1.0" encoding="UTF-8"?>
<!DOCTYPE html PUBLIC "-//W3C//DTD XHTML 1.0 Transitional//EN"
    "http://www.w3.org/TR/xhtml1/DTD/xhtml1-transitional.dtd">
<html xmlns="http://www.w3.org/1999/xhtml" xml:lang="en" lang="en">
 <head>
  <title>
</title>
<meta http-equiv="Content-Type" content="text/html;charset=utf-8" />
  <meta name='ocr-system' content='tesseract 3.04.00' />
  <meta name='ocr-capabilities' content='ocr_page ocr_carea ocr_par ocr_line ocrx_word'/>
</head>
<body>
  <div class='ocr_page' id='page_1' title='image "./novicommentariac10impe_0523.png"; bbox 0 0 1972 2652; ppageno 0'>
   <div class='ocr_carea' id='block_1_1' title="bbox 342 269 1351 327">
    <p class='ocr_par' dir='ltr' id='par_1_1' title="bbox 342 269 1351 327">
     <span class='ocr_line' id='line_1_1' title="bbox 342 269 1351 327; baseline -0.006 -7"><span class='ocrx_word' id='word_1_1' title='bbox 342 269 1100 320; x_wconf 63' lang='lat' dir='ltr'>PARALLAxssos</span> <span class='ocrx_word' id='word_1_2' title='bbox 1263 290 1351 327; x_wconf 54' lang='lat' dir='ltr'>ms</span> 
     </span>
    </p>
   </div>
   <div class='ocr_carea' id='block_1_2' title="bbox 37 387 1366 2333">
    <p class='ocr_par' dir='ltr' id='par_1_2' title="bbox 37 387 1366 1947">
     <span class='ocr_line' id='line_1_2' title="bbox 94 387 1359 443; baseline -0.002 -13"><span class='ocrx_word' id='word_1_3' title='bbox 94 392 134 431; x_wconf 87' lang='lat' dir='ltr'>in</span> <span class='ocrx_word' id='word_1_4' title='bbox 166 387 354 443; x_wconf 86' lang='lat' dir='ltr'>superficie</span> <span class='ocrx_word' id='word_1_5' title='bbox 389 388 553 440; x_wconf 78' lang='lat' dir='ltr'>quadam</span> <span class='ocrx_word' id='word_1_6' title='bbox 577 419 589 442; x_wconf 86' lang='lat'>‚</span> <span class='ocrx_word' id='word_1_7' title='bbox 641 388 768 440; x_wconf 87' lang='lat' dir='ltr'>cuius,</span> <span class='ocrx_word' id='word_1_8' title='bbox 807 400 828 428; x_wconf 90' lang='lat' dir='ltr'>a</span> <span class='ocrx_word' id='word_1_9' title='bbox 862 399 934 440; x_wconf 85' lang='lat' dir='ltr'>qua</span> <span class='ocrx_word' id='word_1_10' title='bbox 969 387 1110 441; x_wconf 87' lang='lat' dir='ltr'>quippe</span> <span class='ocrx_word' id='word_1_11' title='bbox 1145 387 1359 442; x_wconf 70' lang='lat' dir='ltr'>problema-⁵</span> 
     </span>
     <span class='ocr_line' id='line_1_3' title="bbox 95 450 1359 506; baseline -0.001 -13"><span class='ocrx_word' id='word_1_12' title='bbox 95 455 142 494; x_wconf 84' lang='lat' dir='ltr'>tis</span> <span class='ocrx_word' id='word_1_13' title='bbox 193 453 306 492; x_wconf 77' lang='lat' dir='ltr'>nostri</span> <span class='ocrx_word' id='word_1_14' title='bbox 355 450 487 491; x_wconf 83' lang='lat' dir='ltr'>solutio</span> <span class='ocrx_word' id='word_1_15' title='bbox 519 452 691 506; x_wconf 82' lang='lat' dir='ltr'>pendet,</span> <span class='ocrx_word' id='word_1_16' title='bbox 743 461 871 491; x_wconf 82' lang='lat' dir='ltr'>natura</span> <span class='ocrx_word' id='word_1_17' title='bbox 906 452 1069 491; x_wconf 82' lang='lat' dir='ltr'>breuiter·</span> <span class='ocrx_word' id='word_1_18' title='bbox 1101 452 1209 491; x_wconf 88' lang='lat' dir='ltr'>nobis</span> <span class='ocrx_word' id='word_1_19' title='bbox 1242 464 1359 492; x_wconf 80' lang='lat' dir='ltr'>excu-</span> 
     </span>
     <span class='ocr_line' id='line_1_4' title="bbox 94 514 1356 569; baseline 0.001 -13"><span class='ocrx_word' id='word_1_20' title='bbox 94 516 217 556; x_wconf 77' lang='lat' dir='ltr'>tienda</span> <span class='ocrx_word' id='word_1_21' title='bbox 250 516 334 556; x_wconf 80' lang='lat' dir='ltr'>erit.</span> <span class='ocrx_word' id='word_1_22' title='bbox 399 515 495 556; x_wconf 87' lang='lat' dir='ltr'>Non</span> <span class='ocrx_word' id='word_1_23' title='bbox 529 525 655 556; x_wconf 81' lang='lat' dir='ltr'>autem</span> <span class='ocrx_word' id='word_1_24' title='bbox 691 527 786 569; x_wconf 86' lang='lat' dir='ltr'>opus</span> <span class='ocrx_word' id='word_1_25' title='bbox 805 515 881 566; x_wconf 80' lang='lat' dir='ltr'>est,</span> <span class='ocrx_word' id='word_1_26' title='bbox 917 514 1154 556; x_wconf 61' lang='lat' dir='ltr'>vtexadram</span> <span class='ocrx_word' id='word_1_27' title='bbox 1176 515 1237 555; x_wconf 90' lang='lat' dir='ltr'>hic</span> <span class='ocrx_word' id='word_1_28' title='bbox 1259 516 1356 557; x_wconf 89' lang='lat' dir='ltr'>insti-</span> 
     </span>
     <span class='ocr_line' id='line_1_5' title="bbox 92 578 1361 633; baseline 0 -13"><span class='ocrx_word' id='word_1_29' title='bbox 92 589 238 620; x_wconf 76' lang='lat' dir='ltr'>tuamus</span> <span class='ocrx_word' id='word_1_30' title='bbox 271 579 561 633; x_wconf 72' lang='lat' dir='ltr'>disquisitionem</span> <span class='ocrx_word' id='word_1_31' title='bbox 581 607 591 627; x_wconf 85' lang='lat'>,</span> <span class='ocrx_word' id='word_1_32' title='bbox 626 591 716 619; x_wconf 87' lang='lat' dir='ltr'>cum</span> <span class='ocrx_word' id='word_1_33' title='bbox 752 578 1038 631; x_wconf 83' lang='lat' dir='ltr'>principaliores</span> <span class='ocrx_word' id='word_1_34' title='bbox 1060 610 1070 630; x_wconf 89' lang='lat'>‚</span> <span class='ocrx_word' id='word_1_35' title='bbox 1106 591 1262 633; x_wconf 77' lang='lat' dir='ltr'>quarum</span> <span class='ocrx_word' id='word_1_36' title='bbox 1296 579 1361 620; x_wconf 89' lang='lat' dir='ltr'>hie</span> 
     </span>
     <span class='ocr_line' id='line_1_6' title="bbox 37 641 1362 696; baseline 0 -13"><span class='ocrx_word' id='word_1_37' title='bbox 37 644 44 651; x_wconf 84' lang='lat'><strong>‘</strong></span> <span class='ocrx_word' id='word_1_38' title='bbox 94 645 177 684; x_wconf 78' lang='lat' dir='ltr'>vius</span> <span class='ocrx_word' id='word_1_39' title='bbox 211 643 309 696; x_wconf 85' lang='lat' dir='ltr'>erit⁷</span> <span class='ocrx_word' id='word_1_40' title='bbox 357 642 465 683; x_wconf 85' lang='lat' dir='ltr'>huius</span> <span class='ocrx_word' id='word_1_41' title='bbox 496 641 697 695; x_wconf 81' lang='lat' dir='ltr'>superficiei</span> <span class='ocrx_word' id='word_1_42' title='bbox 730 643 1011 696; x_wconf 81' lang='lat' dir='ltr'>proprietates,</span> <span class='ocrx_word' id='word_1_43' title='bbox 1060 652 1098 683; x_wconf 90' lang='lat' dir='ltr'>et</span> <span class='ocrx_word' id='word_1_44' title='bbox 1130 643 1204 682; x_wconf 87' lang='lat' dir='ltr'>fine</span> <span class='ocrx_word' id='word_1_45' title='bbox 1254 643 1362 683; x_wconf 83' lang='lat' dir='ltr'>insti-</span> 
     </span>
     <span class='ocr_line' id='line_1_7' title="bbox 94 704 1360 760; baseline 0.002 -15"><span class='ocrx_word' id='word_1_46' title='bbox 94 716 176 747; x_wconf 81' lang='lat' dir='ltr'>tuto</span> <span class='ocrx_word' id='word_1_47' title='bbox 205 706 353 746; x_wconf 72' lang='lat' dir='ltr'>calculo</span> <span class='ocrx_word' id='word_1_48' title='bbox 387 706 494 746; x_wconf 63' lang='lat' dir='ltr'>facile</span> <span class='ocrx_word' id='word_1_49' title='bbox 526 715 688 758; x_wconf 78' lang='lat' dir='ltr'>pateant.</span> <span class='ocrx_word' id='word_1_50' title='bbox 787 704 924 757; x_wconf 86' lang='lat' dir='ltr'>Liquet</span> <span class='ocrx_word' id='word_1_51' title='bbox 954 717 1095 758; x_wconf 86' lang='lat' dir='ltr'><strong>nempe</strong></span> <span class='ocrx_word' id='word_1_52' title='bbox 1125 705 1250 745; x_wconf 78' lang='lat' dir='ltr'>statim</span> <span class='ocrx_word' id='word_1_53' title='bbox 1275 739 1286 760; x_wconf 85' lang='lat'>,</span> <span class='ocrx_word' id='word_1_54' title='bbox 1332 706 1360 747; x_wconf 88' lang='lat' dir='ltr'>fi</span> 
     </span>
     <span class='ocr_line' id='line_1_8' title="bbox 94 765 1358 823; baseline 0 -13"><span class='ocrx_word' id='word_1_55' title='bbox 94 770 187 810; x_wconf 82' lang='lat' dir='ltr'>haec</span> <span class='ocrx_word' id='word_1_56' title='bbox 216 769 422 823; x_wconf 86' lang='lat' dir='ltr'>superficies</span> <span class='ocrx_word' id='word_1_57' title='bbox 455 768 591 809; x_wconf 86' lang='lat' dir='ltr'>secetur</span> <span class='ocrx_word' id='word_1_58' title='bbox 622 768 737 822; x_wconf 80' lang='lat' dir='ltr'>plano</span> <span class='ocrx_word' id='word_1_59' title='bbox 771 779 839 820; x_wconf 89' lang='lat' dir='ltr'>per</span> <span class='ocrx_word' id='word_1_60' title='bbox 869 765 952 808; x_wconf 88' lang='lat' dir='ltr'>AB</span> <span class='ocrx_word' id='word_1_61' title='bbox 998 780 1225 822; x_wconf 85' lang='lat' dir='ltr'>quocunque</span> <span class='ocrx_word' id='word_1_62' title='bbox 1248 802 1260 823; x_wconf 77' lang='lat'><em>⁷</em></span> <span class='ocrx_word' id='word_1_63' title='bbox 1313 769 1358 810; x_wconf 84' lang='lat' dir='ltr'>fi-</span> 
     </span>
     <span class='ocr_line' id='line_1_9' title="bbox 93 829 1362 886; baseline -0.001 -13"><span class='ocrx_word' id='word_1_64' title='bbox 93 845 224 886; x_wconf 81' lang='lat' dir='ltr'>guram</span> <span class='ocrx_word' id='word_1_65' title='bbox 259 833 530 872; x_wconf 71' lang='lat' dir='ltr'>intersefflonis</span> <span class='ocrx_word' id='word_1_66' title='bbox 561 832 638 871; x_wconf 84' lang='lat' dir='ltr'>fore</span> <span class='ocrx_word' id='word_1_67' title='bbox 674 843 697 867; x_wconf 91' lang='lat'>2</span> <span class='ocrx_word' id='word_1_68' title='bbox 734 832 893 871; x_wconf 86' lang='lat' dir='ltr'>circulos</span> <span class='ocrx_word' id='word_1_69' title='bbox 925 829 1075 882; x_wconf 84' lang='grc' dir='ltr'>ΑΒΗ,</span> <span class='ocrx_word' id='word_1_70' title='bbox 1109 830 1263 885; x_wconf 83' lang='grc' dir='ltr'>ΑΒΚ,</span> <span class='ocrx_word' id='word_1_71' title='bbox 1299 834 1362 872; x_wconf 82' lang='lat' dir='ltr'>in·-</span> 
     </span>
     <span class='ocr_line' id='line_1_10' title="bbox 95 892 1362 949; baseline -0.003 -14"><span class='ocrx_word' id='word_1_72' title='bbox 95 906 152 936; x_wconf 86' lang='lat' dir='ltr'>ter</span> <span class='ocrx_word' id='word_1_73' title='bbox 183 897 217 935; x_wconf 88' lang='lat' dir='ltr'>se</span> <span class='ocrx_word' id='word_1_74' title='bbox 252 894 453 949; x_wconf 78' lang='lat' dir='ltr'>aequales,</span> <span class='ocrx_word' id='word_1_75' title='bbox 495 895 534 934; x_wconf 91' lang='lat' dir='ltr'>in</span> <span class='ocrx_word' id='word_1_76' title='bbox 568 893 717 948; x_wconf 72' lang='lat' dir='ltr'>pumstis</span> <span class='ocrx_word' id='word_1_77' title='bbox 749 896 787 934; x_wconf 90' lang='lat' dir='ltr'><strong>A</strong></span> <span class='ocrx_word' id='word_1_78' title='bbox 821 903 861 934; x_wconf 89' lang='lat' dir='ltr'>et</span> <span class='ocrx_word' id='word_1_79' title='bbox 893 892 927 934; x_wconf 85' lang='lat' dir='ltr'>B</span> <span class='ocrx_word' id='word_1_80' title='bbox 958 895 993 934; x_wconf 88' lang='lat' dir='ltr'>se</span> <span class='ocrx_word' id='word_1_81' title='bbox 1025 905 1158 935; x_wconf 89' lang='lat' dir='ltr'>mutuo</span> <span class='ocrx_word' id='word_1_82' title='bbox 1190 895 1362 935; x_wconf 81' lang='lat' dir='ltr'>constan-</span> 
     </span>
     <span class='ocr_line' id='line_1_11' title="bbox 94 955 1361 1013; baseline 0.001 -14"><span class='ocrx_word' id='word_1_83' title='bbox 94 968 152 999; x_wconf 87' lang='lat' dir='ltr'>ter</span> <span class='ocrx_word' id='word_1_84' title='bbox 181 959 469 1012; x_wconf 73' lang='lat' dir='ltr'>intersecantes·⁷</span> <span class='ocrx_word' id='word_1_85' title='bbox 521 956 680 999; x_wconf 69' lang='lat' dir='ltr'>sestione</span> <span class='ocrx_word' id='word_1_86' title='bbox 732 968 857 999; x_wconf 77' lang='lat' dir='ltr'>autem</span> <span class='ocrx_word' id='word_1_87' title='bbox 907 959 953 999; x_wconf 74' lang='lat' dir='ltr'>ad</span> <span class='ocrx_word' id='word_1_88' title='bbox 1006 958 1162 1013; x_wconf 81' lang='lat' dir='ltr'>planum</span> <span class='ocrx_word' id='word_1_89' title='bbox 1199 959 1227 1000; x_wconf 86' lang='lat' dir='ltr'>F</span> <span class='ocrx_word' id='word_1_90' title='bbox 1237 955 1275 1000; x_wconf 92' lang='lat' dir='ltr'>G</span> <span class='ocrx_word' id='word_1_91' title='bbox 1320 971 1361 1000; x_wconf 78' lang='lat' dir='ltr'>ac</span> 
     </span>
     <span class='ocr_line' id='line_1_12' title="bbox 94 1020 1363 1077; baseline 0.001 -15"><span class='ocrx_word' id='word_1_92' title='bbox 94 1022 237 1063; x_wconf 60' lang='lat' dir='ltr'>metam</span> <span class='ocrx_word' id='word_1_93' title='bbox 269 1020 349 1063; x_wconf 89' lang='lat' dir='ltr'>AB</span> <span class='ocrx_word' id='word_1_94' title='bbox 383 1022 575 1071; x_wconf 85' lang='lat' dir='ltr'>normali,</span> <span class='ocrx_word' id='word_1_95' title='bbox 627 1022 764 1062; x_wconf 89' lang='lat' dir='ltr'>itidem</span> <span class='ocrx_word' id='word_1_96' title='bbox 796 1022 954 1076; x_wconf 85' lang='lat' dir='ltr'>produci</span> <span class='ocrx_word' id='word_1_97' title='bbox 987 1034 1011 1060; x_wconf 87' lang='lat'><em>2</em></span> <span class='ocrx_word' id='word_1_98' title='bbox 1062 1023 1221 1063; x_wconf 83' lang='lat' dir='ltr'>circulos</span> <span class='ocrx_word' id='word_1_99' title='bbox 1242 1056 1254 1077; x_wconf 79' lang='lat'>,</span> <span class='ocrx_word' id='word_1_100' title='bbox 1310 1022 1363 1063; x_wconf 81' lang='lat' dir='ltr'>ast</span> 
     </span>
     <span class='ocr_line' id='line_1_13' title="bbox 94 1085 1362 1139; baseline 0 -13"><span class='ocrx_word' id='word_1_101' title='bbox 94 1087 354 1127; x_wconf 81' lang='lat' dir='ltr'>concentricos</span> <span class='ocrx_word' id='word_1_102' title='bbox 375 1118 385 1138; x_wconf 88' lang='lat'>,</span> <span class='ocrx_word' id='word_1_103' title='bbox 415 1096 586 1126; x_wconf 86' lang='lat' dir='ltr'>centrum</span> <span class='ocrx_word' id='word_1_104' title='bbox 621 1085 799 1127; x_wconf 81' lang='lat' dir='ltr'>habentes</span> <span class='ocrx_word' id='word_1_105' title='bbox 832 1087 870 1125; x_wconf 90' lang='lat' dir='ltr'>in</span> <span class='ocrx_word' id='word_1_106' title='bbox 901 1085 999 1125; x_wconf 62' lang='lat' dir='ltr'>reeta</span> <span class='ocrx_word' id='word_1_107' title='bbox 1035 1085 1139 1137; x_wconf 87' lang='lat' dir='ltr'>AB,</span> <span class='ocrx_word' id='word_1_108' title='bbox 1173 1087 1198 1127; x_wconf 85' lang='lat' dir='ltr'>si</span> <span class='ocrx_word' id='word_1_109' title='bbox 1232 1099 1329 1139; x_wconf 90' lang='lat' dir='ltr'>opus</span> <span class='ocrx_word' id='word_1_110' title='bbox 1349 1117 1362 1138; x_wconf 85' lang='lat'>‚</span> 
     </span>
     <span class='ocr_line' id='line_1_14' title="bbox 93 1147 1364 1204; baseline -0.002 -14"><span class='ocrx_word' id='word_1_111' title='bbox 93 1150 310 1204; x_wconf 67' lang='lat' dir='ltr'>produ6ra3</span> <span class='ocrx_word' id='word_1_112' title='bbox 361 1150 461 1190; x_wconf 86' lang='lat' dir='ltr'>vnde</span> <span class='ocrx_word' id='word_1_113' title='bbox 484 1181 494 1198; x_wconf 90' lang='lat'>,</span> <span class='ocrx_word' id='word_1_114' title='bbox 539 1150 645 1202; x_wconf 89' lang='lat' dir='ltr'>quod</span> <span class='ocrx_word' id='word_1_115' title='bbox 691 1160 772 1188; x_wconf 74' lang='lat' dir='ltr'>tota</span> <span class='ocrx_word' id='word_1_116' title='bbox 805 1149 898 1188; x_wconf 79' lang='lat' dir='ltr'>haec</span> <span class='ocrx_word' id='word_1_117' title='bbox 932 1147 1144 1202; x_wconf 84' lang='lat' dir='ltr'>superficies</span> <span class='ocrx_word' id='word_1_118' title='bbox 1173 1150 1364 1189; x_wconf 82' lang='lat' dir='ltr'>rotatione</span> 
     </span>
     <span class='ocr_line' id='line_1_15' title="bbox 94 1209 1360 1266; baseline 0.001 -14"><span class='ocrx_word' id='word_1_119' title='bbox 94 1212 220 1253; x_wconf 84' lang='lat' dir='ltr'>circuli</span> <span class='ocrx_word' id='word_1_120' title='bbox 255 1211 383 1253; x_wconf 82' lang='grc' dir='ltr'>ΑΒΗ</span> <span class='ocrx_word' id='word_1_121' title='bbox 414 1209 523 1265; x_wconf 87' lang='lat' dir='ltr'>super</span> <span class='ocrx_word' id='word_1_122' title='bbox 556 1211 656 1252; x_wconf 67' lang='lat' dir='ltr'>rec‘ta</span> <span class='ocrx_word' id='word_1_123' title='bbox 691 1210 770 1252; x_wconf 84' lang='lat' dir='ltr'>AB</span> <span class='ocrx_word' id='word_1_124' title='bbox 799 1220 998 1264; x_wconf 81' lang='lat' dir='ltr'>generetur</span> <span class='ocrx_word' id='word_1_125' title='bbox 1020 1244 1031 1266; x_wconf 81' lang='lat'>‚</span> <span class='ocrx_word' id='word_1_126' title='bbox 1069 1211 1193 1253; x_wconf 81' lang='lat' dir='ltr'>statim</span> <span class='ocrx_word' id='word_1_127' title='bbox 1229 1221 1360 1266; x_wconf 80' lang='lat' dir='ltr'>paret,</span> 
     </span>
     <span class='ocr_line' id='line_1_16' title="bbox 93 1274 1364 1330; baseline 0 -14"><span class='ocrx_word' id='word_1_128' title='bbox 93 1288 260 1330; x_wconf 84' lang='lat' dir='ltr'>quaeque</span> <span class='ocrx_word' id='word_1_129' title='bbox 294 1276 340 1316; x_wconf 80' lang='lat' dir='ltr'>fit</span> <span class='ocrx_word' id='word_1_130' title='bbox 372 1285 589 1316; x_wconf 82' lang='lat' dir='ltr'>curuaturae</span> <span class='ocrx_word' id='word_1_131' title='bbox 629 1275 738 1327; x_wconf 70' lang='lat' dir='ltr'>ipsius</span> <span class='ocrx_word' id='word_1_132' title='bbox 771 1274 914 1314; x_wconf 74' lang='lat' dir='ltr'>indoles</span> <span class='ocrx_word' id='word_1_133' title='bbox 943 1287 985 1315; x_wconf 80' lang='lat' dir='ltr'>ac</span> <span class='ocrx_word' id='word_1_134' title='bbox 1017 1283 1147 1316; x_wconf 78' lang='lat' dir='ltr'>natura</span> <span class='ocrx_word' id='word_1_135' title='bbox 1166 1309 1178 1330; x_wconf 81' lang='lat'>‚</span> <span class='ocrx_word' id='word_1_136' title='bbox 1230 1276 1364 1329; x_wconf 79' lang='lat' dir='ltr'>imagi-</span> 
     </span>
     <span class='ocr_line' id='line_1_17' title="bbox 94 1337 1362 1393; baseline 0.001 -15"><span class='ocrx_word' id='word_1_137' title='bbox 94 1343 174 1380; x_wconf 77' lang='lat' dir='ltr'>nari</span> <span class='ocrx_word' id='word_1_138' title='bbox 210 1339 315 1380; x_wconf 79' lang='lat' dir='ltr'>facile</span> <span class='ocrx_word' id='word_1_139' title='bbox 348 1340 447 1379; x_wconf 87' lang='lat' dir='ltr'>licet.</span> <span class='ocrx_word' id='word_1_140' title='bbox 511 1339 660 1380; x_wconf 83' lang='lat' dir='ltr'>Eadem</span> <span class='ocrx_word' id='word_1_141' title='bbox 697 1350 746 1380; x_wconf 88' lang='lat' dir='ltr'>ex</span> <span class='ocrx_word' id='word_1_142' title='bbox 779 1337 917 1379; x_wconf 73' lang='lat' dir='ltr'>calculo</span> <span class='ocrx_word' id='word_1_143' title='bbox 941 1339 1169 1380; x_wconf 85' lang='lat' dir='ltr'>concludere</span> <span class='ocrx_word' id='word_1_144' title='bbox 1188 1339 1362 1393; x_wconf 77' lang='lat' dir='ltr'>licuisset,</span> 
     </span>
     <span class='ocr_line' id='line_1_18' title="bbox 94 1402 1366 1456; baseline -0.002 -12"><span class='ocrx_word' id='word_1_145' title='bbox 94 1415 204 1456; x_wconf 87' lang='lat' dir='ltr'>quem</span> <span class='ocrx_word' id='word_1_146' title='bbox 240 1403 264 1443; x_wconf 86' lang='lat' dir='ltr'>fi</span> <span class='ocrx_word' id='word_1_147' title='bbox 299 1404 378 1456; x_wconf 82' lang='lat' dir='ltr'>quis</span> <span class='ocrx_word' id='word_1_148' title='bbox 410 1402 591 1443; x_wconf 85' lang='lat' dir='ltr'>instituere</span> <span class='ocrx_word' id='word_1_149' title='bbox 636 1402 833 1455; x_wconf 80' lang='lat' dir='ltr'>voluerit,</span> <span class='ocrx_word' id='word_1_150' title='bbox 877 1402 922 1442; x_wconf 81' lang='lat' dir='ltr'>ad</span> <span class='ocrx_word' id='word_1_151' title='bbox 963 1402 1116 1442; x_wconf 79' lang='lat' dir='ltr'>easdem</span> <span class='ocrx_word' id='word_1_152' title='bbox 1169 1404 1366 1455; x_wconf 86' lang='lat' dir='ltr'>perueniet</span> 
     </span>
     <span class='ocr_line' id='line_1_19' title="bbox 95 1465 1364 1518; baseline 0 -12"><span class='ocrx_word' id='word_1_153' title='bbox 95 1466 360 1506; x_wconf 82' lang='lat' dir='ltr'>conclusiones.</span> <span class='ocrx_word' id='word_1_154' title='bbox 428 1466 565 1506; x_wconf 81' lang='lat' dir='ltr'>Fateor</span> <span class='ocrx_word' id='word_1_155' title='bbox 597 1466 770 1518; x_wconf 82' lang='lat' dir='ltr'>equidem</span> <span class='ocrx_word' id='word_1_156' title='bbox 804 1465 1013 1518; x_wconf 78' lang='lat' dir='ltr'>prodituras</span> <span class='ocrx_word' id='word_1_157' title='bbox 1045 1477 1118 1518; x_wconf 89' lang='lat' dir='ltr'>pro</span> <span class='ocrx_word' id='word_1_158' title='bbox 1137 1465 1364 1506; x_wconf 69' lang='lat' dir='ltr'>intersee’cio·</span> 
     </span>
     <span class='ocr_line' id='line_1_20' title="bbox 93 1528 1363 1582; baseline 0.001 -14"><span class='ocrx_word' id='word_1_159' title='bbox 93 1529 197 1569; x_wconf 86' lang='lat' dir='ltr'>uibus</span> <span class='ocrx_word' id='word_1_160' title='bbox 232 1530 435 1582; x_wconf 78' lang='lat' dir='ltr'>planorum</span> <span class='ocrx_word' id='word_1_161' title='bbox 458 1561 467 1577; x_wconf 82' lang='lat'>,</span> <span class='ocrx_word' id='word_1_162' title='bbox 522 1529 763 1582; x_wconf 76' lang='lat' dir='ltr'>aequationes</span> <span class='ocrx_word' id='word_1_163' title='bbox 797 1529 913 1580; x_wconf 77' lang='lat' dir='ltr'>quarti</span> <span class='ocrx_word' id='word_1_164' title='bbox 945 1529 1103 1581; x_wconf 81' lang='lat' dir='ltr'>gradus,</span> <span class='ocrx_word' id='word_1_165' title='bbox 1150 1530 1251 1570; x_wconf 85' lang='lat' dir='ltr'>vnde</span> <span class='ocrx_word' id='word_1_166' title='bbox 1282 1528 1363 1570; x_wconf 88' lang='lat' dir='ltr'>col·</span> 
     </span>
     <span class='ocr_line' id='line_1_21' title="bbox 90 1591 1364 1646; baseline 0.002 -16"><span class='ocrx_word' id='word_1_167' title='bbox 90 1592 208 1644; x_wconf 82' lang='lat' dir='ltr'>ligere</span> <span class='ocrx_word' id='word_1_168' title='bbox 239 1593 319 1645; x_wconf 88' lang='lat' dir='ltr'>quis</span> <span class='ocrx_word' id='word_1_169' title='bbox 349 1594 501 1645; x_wconf 79' lang='lat' dir='ltr'>posset,</span> <span class='ocrx_word' id='word_1_170' title='bbox 552 1591 829 1632; x_wconf 66' lang='lat' dir='ltr'>interstetiones</span> <span class='ocrx_word' id='word_1_171' title='bbox 879 1602 960 1631; x_wconf 88' lang='lat' dir='ltr'>non</span> <span class='ocrx_word' id='word_1_172' title='bbox 1014 1592 1087 1631; x_wconf 84' lang='lat' dir='ltr'>effe</span> <span class='ocrx_word' id='word_1_173' title='bbox 1139 1591 1364 1646; x_wconf 81' lang='lat' dir='ltr'>circulares,</span> 
     </span>
     <span class='ocr_line' id='line_1_22' title="bbox 93 1653 1365 1706; baseline 0.002 -13"><span class='ocrx_word' id='word_1_174' title='bbox 93 1654 152 1694; x_wconf 87' lang='lat' dir='ltr'>sed</span> <span class='ocrx_word' id='word_1_175' title='bbox 187 1654 368 1693; x_wconf 83' lang='lat' dir='ltr'>exhibere</span> <span class='ocrx_word' id='word_1_176' title='bbox 402 1655 514 1693; x_wconf 78' lang='lat' dir='ltr'>lineas</span> <span class='ocrx_word' id='word_1_177' title='bbox 546 1654 668 1706; x_wconf 84' lang='lat' dir='ltr'>quarti</span> <span class='ocrx_word' id='word_1_178' title='bbox 700 1654 852 1694; x_wconf 86' lang='lat' dir='ltr'>ordinis.</span> <span class='ocrx_word' id='word_1_179' title='bbox 918 1653 988 1693; x_wconf 88' lang='lat' dir='ltr'>Ast</span> <span class='ocrx_word' id='word_1_180' title='bbox 1021 1655 1257 1698; x_wconf 81' lang='lat' dir='ltr'>notandum.</span> <span class='ocrx_word' id='word_1_181' title='bbox 1288 1654 1365 1695; x_wconf 83' lang='lat' dir='ltr'>fore</span> 
     </span>
     <span class='ocr_line' id='line_1_23' title="bbox 96 1716 1364 1772; baseline 0.001 -16"><span class='ocrx_word' id='word_1_182' title='bbox 96 1716 163 1756; x_wconf 82' lang='lat' dir='ltr'>has</span> <span class='ocrx_word' id='word_1_183' title='bbox 195 1727 322 1756; x_wconf 73' lang='lat' dir='ltr'>curu-as</span> <span class='ocrx_word' id='word_1_184' title='bbox 341 1749 352 1767; x_wconf 79' lang='lat'><em>‚</em></span> <span class='ocrx_word' id='word_1_185' title='bbox 384 1729 470 1770; x_wconf 76' lang='lat' dir='ltr'>quas</span> <span class='ocrx_word' id='word_1_186' title='bbox 500 1717 680 1758; x_wconf 83' lang='lat' dir='ltr'>exhibent</span> <span class='ocrx_word' id='word_1_187' title='bbox 711 1718 953 1772; x_wconf 80' lang='lat' dir='ltr'>aequationes</span> <span class='ocrx_word' id='word_1_188' title='bbox 985 1718 1100 1769; x_wconf 78' lang='lat' dir='ltr'>istae,</span> <span class='ocrx_word' id='word_1_189' title='bbox 1144 1728 1195 1757; x_wconf 87' lang='lat' dir='ltr'>ex</span> <span class='ocrx_word' id='word_1_190' title='bbox 1227 1729 1364 1771; x_wconf 83' lang='lat' dir='ltr'>genere</span> 
     </span>
     <span class='ocr_line' id='line_1_24' title="bbox 94 1778 1364 1834; baseline 0.002 -15"><span class='ocrx_word' id='word_1_191' title='bbox 94 1791 226 1820; x_wconf 83' lang='lat' dir='ltr'>earum</span> <span class='ocrx_word' id='word_1_192' title='bbox 247 1811 258 1827; x_wconf 72' lang='lat'>,</span> <span class='ocrx_word' id='word_1_193' title='bbox 307 1791 395 1832; x_wconf 82' lang='lat' dir='ltr'>quas</span> <span class='ocrx_word' id='word_1_194' title='bbox 444 1778 504 1820; x_wconf 93' lang='lat' dir='ltr'>Ill.</span> <span class='ocrx_word' id='word_1_195' title='bbox 558 1780 711 1823; x_wconf 83' lang='lat' dir='ltr'>Eulerus</span> <span class='ocrx_word' id='word_1_196' title='bbox 761 1780 989 1834; x_wconf 81' lang='lat' dir='ltr'>complexas</span> <span class='ocrx_word' id='word_1_197' title='bbox 1039 1781 1190 1822; x_wconf 72' lang='lat' dir='ltr'>voc-anit</span> <span class='ocrx_word' id='word_1_198' title='bbox 1223 1794 1236 1834; x_wconf 76' lang='lat'>3</span> <span class='ocrx_word' id='word_1_199' title='bbox 1285 1793 1364 1821; x_wconf 89' lang='lat' dir='ltr'>non</span> 
     </span>
     <span class='ocr_line' id='line_1_25' title="bbox 97 1843 1365 1899; baseline 0.002 -17"><span class='ocrx_word' id='word_1_200' title='bbox 97 1844 202 1884; x_wconf 82' lang='lat' dir='ltr'>enim</span> <span class='ocrx_word' id='word_1_201' title='bbox 255 1843 394 1883; x_wconf 84' lang='lat' dir='ltr'>lineam</span> <span class='ocrx_word' id='word_1_202' title='bbox 445 1843 566 1897; x_wconf 82' lang='lat' dir='ltr'>quarti</span> <span class='ocrx_word' id='word_1_203' title='bbox 626 1845 765 1884; x_wconf 84' lang='lat' dir='ltr'>ordinis</span> <span class='ocrx_word' id='word_1_204' title='bbox 787 1877 799 1897; x_wconf 79' lang='lat'><em>,</em></span> <span class='ocrx_word' id='word_1_205' title='bbox 839 1846 899 1885; x_wconf 87' lang='lat' dir='ltr'>sed</span> <span class='ocrx_word' id='word_1_206' title='bbox 936 1858 959 1882; x_wconf 87' lang='lat'><em>2</em></span> <span class='ocrx_word' id='word_1_207' title='bbox 995 1844 1153 1885; x_wconf 89' lang='lat' dir='ltr'>circulos</span> <span class='ocrx_word' id='word_1_208' title='bbox 1185 1856 1365 1899; x_wconf 85' lang='lat' dir='ltr'>compre-</span> 
     </span>
     <span class='ocr_line' id='line_1_26' title="bbox 96 1907 276 1947; baseline -0.006 -1"><span class='ocrx_word' id='word_1_209' title='bbox 96 1907 276 1947; x_wconf 87' lang='lat' dir='ltr'>hendunr.</span> 
     </span>
    </p>

    <p class='ocr_par' dir='ltr' id='par_1_3' title="bbox 97 1968 1366 2282">
     <span class='ocr_line' id='line_1_27' title="bbox 248 1968 1366 2027; baseline 0.002 -17"><span class='ocrx_word' id='word_1_210' title='bbox 248 1968 473 2024; x_wconf 85' lang='lat' dir='ltr'>Superficies</span> <span class='ocrx_word' id='word_1_211' title='bbox 506 1970 631 2024; x_wconf 80' lang='lat' dir='ltr'>haec,</span> <span class='ocrx_word' id='word_1_212' title='bbox 681 1984 796 2027; x_wconf 80' lang='lat' dir='ltr'>quam</span> <span class='ocrx_word' id='word_1_213' title='bbox 831 1972 939 2013; x_wconf 87' lang='lat' dir='ltr'>latius</span> <span class='ocrx_word' id='word_1_214' title='bbox 969 1985 1070 2014; x_wconf 89' lang='lat' dir='ltr'>nunc</span> <span class='ocrx_word' id='word_1_215' title='bbox 1117 1971 1366 2014; x_wconf 78' lang='lat' dir='ltr'>consideraui-</span> 
     </span>
     <span class='ocr_line' id='line_1_28' title="bbox 99 2035 1365 2091; baseline 0 -15"><span class='ocrx_word' id='word_1_216' title='bbox 99 2048 184 2076; x_wconf 82' lang='lat' dir='ltr'>mus</span> <span class='ocrx_word' id='word_1_217' title='bbox 204 2064 215 2079; x_wconf 85' lang='lat'><em>‚</em></span> <span class='ocrx_word' id='word_1_218' title='bbox 254 2046 341 2075; x_wconf 89' lang='lat' dir='ltr'>curn</span> <span class='ocrx_word' id='word_1_219' title='bbox 374 2035 675 2090; x_wconf 84' lang='lat' dir='ltr'>comprehendat</span> <span class='ocrx_word' id='word_1_220' title='bbox 708 2037 840 2077; x_wconf 86' lang='lat' dir='ltr'>omnia</span> <span class='ocrx_word' id='word_1_221' title='bbox 873 2037 1011 2090; x_wconf 58' lang='lat' dir='ltr'>puneba</span> <span class='ocrx_word' id='word_1_222' title='bbox 1033 2068 1045 2086; x_wconf 84' lang='lat'>‚</span> <span class='ocrx_word' id='word_1_223' title='bbox 1096 2048 1191 2091; x_wconf 80' lang='lat' dir='ltr'>quae</span> <span class='ocrx_word' id='word_1_224' title='bbox 1231 2036 1365 2076; x_wconf 79' lang='lat' dir='ltr'>Plane-</span> 
     </span>
     <span class='ocr_line' id='line_1_29' title="bbox 99 2096 1361 2153; baseline 0.002 -15"><span class='ocrx_word' id='word_1_225' title='bbox 99 2108 158 2139; x_wconf 81' lang='lat' dir='ltr'>tae</span> <span class='ocrx_word' id='word_1_226' title='bbox 193 2111 213 2139; x_wconf 86' lang='lat' dir='ltr'>a</span> <span class='ocrx_word' id='word_1_227' title='bbox 248 2096 349 2139; x_wconf 88' lang='lat' dir='ltr'>Solis</span> <span class='ocrx_word' id='word_1_228' title='bbox 378 2110 509 2140; x_wconf 87' lang='lat' dir='ltr'>centro</span> <span class='ocrx_word' id='word_1_229' title='bbox 542 2100 783 2149; x_wconf 78' lang='lat' dir='ltr'>distantiam,</span> <span class='ocrx_word' id='word_1_230' title='bbox 819 2112 897 2140; x_wconf 83' lang='lat' dir='ltr'>vno</span> <span class='ocrx_word' id='word_1_231' title='bbox 928 2101 1141 2153; x_wconf 85' lang='lat' dir='ltr'>eodemque</span> <span class='ocrx_word' id='word_1_232' title='bbox 1180 2111 1361 2140; x_wconf 86' lang='lat' dir='ltr'>momen-</span> 
     </span>
     <span class='ocr_line' id='line_1_30' title="bbox 98 2160 1362 2218; baseline 0.001 -17"><span class='ocrx_word' id='word_1_233' title='bbox 98 2171 140 2201; x_wconf 90' lang='lat' dir='ltr'>to</span> <span class='ocrx_word' id='word_1_234' title='bbox 166 2194 176 2213; x_wconf 93' lang='lat'>,</span> <span class='ocrx_word' id='word_1_235' title='bbox 226 2162 288 2202; x_wconf 88' lang='lat' dir='ltr'>sub</span> <span class='ocrx_word' id='word_1_236' title='bbox 321 2163 457 2215; x_wconf 82' lang='lat' dir='ltr'>angulo</span> <span class='ocrx_word' id='word_1_237' title='bbox 489 2160 517 2203; x_wconf 78' lang='grc' dir='ltr'><em>δ</em></span> <span class='ocrx_word' id='word_1_238' title='bbox 548 2164 782 2218; x_wconf 81' lang='lat' dir='ltr'>conspiciunt</span> <span class='ocrx_word' id='word_1_239' title='bbox 803 2194 813 2213; x_wconf 90' lang='lat'>‚</span> <span class='ocrx_word' id='word_1_240' title='bbox 869 2163 948 2205; x_wconf 91' lang='lat' dir='ltr'>fieri</span> <span class='ocrx_word' id='word_1_241' title='bbox 981 2176 1055 2203; x_wconf 90' lang='lat' dir='ltr'>non</span> <span class='ocrx_word' id='word_1_242' title='bbox 1088 2163 1262 2217; x_wconf 80' lang='lat' dir='ltr'>poterit,</span> <span class='ocrx_word' id='word_1_243' title='bbox 1319 2171 1362 2202; x_wconf 87' lang='lat' dir='ltr'>vt</span> 
     </span>
     <span class='ocr_line' id='line_1_31' title="bbox 97 2222 1361 2282; baseline 0.001 -17"><span class='ocrx_word' id='word_1_244' title='bbox 97 2225 219 2268; x_wconf 59' lang='lat' dir='ltr'>Vllum</span> <span class='ocrx_word' id='word_1_245' title='bbox 254 2225 418 2268; x_wconf 78' lang='lat' dir='ltr'>Telluris</span> <span class='ocrx_word' id='word_1_246' title='bbox 448 2228 644 2282; x_wconf 60' lang='lat' dir='ltr'>punctum,</span> <span class='ocrx_word' id='word_1_247' title='bbox 662 2228 949 2281; x_wconf 80' lang='lat' dir='ltr'>elongationem</span> <span class='ocrx_word' id='word_1_248' title='bbox 981 2227 1153 2270; x_wconf 78' lang='lat' dir='ltr'>Planetae</span> <span class='ocrx_word' id='word_1_249' title='bbox 1185 2238 1229 2268; x_wconf 79' lang='lat' dir='ltr'>ac</span> <span class='ocrx_word' id='word_1_250' title='bbox 1261 2222 1361 2266; x_wconf 80' lang='lat' dir='ltr'>Solis</span> 
     </span>
    </p>

    <p class='ocr_par' dir='ltr' id='par_1_4' title="bbox 711 2286 1360 2333">
     <span class='ocr_line' id='line_1_32' title="bbox 711 2286 1360 2333; baseline -0.009 0"><span class='ocrx_word' id='word_1_251' title='bbox 711 2291 794 2333; x_wconf 86' lang='lat' dir='ltr'>Iii</span> <span class='ocrx_word' id='word_1_252' title='bbox 827 2303 852 2330; x_wconf 88' lang='lat'>2</span> <span class='ocrx_word' id='word_1_253' title='bbox 1297 2286 1360 2327; x_wconf 88' lang='lat' dir='ltr'>sub</span> 
     </span>
    </p>
   </div>
  </div>
 </body>
</html>
