1972 2652
697 372 795 415 DE

160 461 708 524 REDVCTIONE
760 465 807 523 F
814 459 1337 525 ORMVLARVM

119 563 607 610 INTEGRALIVM
636 566 726 607 AD
753 560 1379 610 RECTIFICATIONEM

288 637 582 681 ELLIPSIS
626 637 709 679 AC
752 638 1214 681 HYPERBOLAE.

619 763 868 804 Aue'tore

488 876 537 917 L.
605 877 642 918 E
674 873 779 918 VL
815 876 850 917 E
883 876 918 919 R
953 876 1006 919 O.

139 1005 174 1176 Ι
219 1005 386 1176 ᾇῑὲτεὲῑα
418 1031 580 1070 omnino
615 1030 690 1071 sunt
711 1062 723 1082 ‚
773 1043 865 1084 qnae
893 1030 1098 1073 >acutiss‘1mi
1138 1027 1384 1073 ‘Geometrao

297 1092 516 1134 Maclaurin
548 1103 588 1131 et
625 1093 871 1132 D’Alembert
903 1095 950 1132 de
983 1095 1196 1134 redustione
1237 1093 1385 1133 formu·

298 1158 415 1195 larum
449 1156 686 1205 integralium
720 1157 764 1194 ad
806 1155 1116 1195 reffificatnonem
1151 1156 1298 1208 Enipfi»
1347 1165 1384 1195 et

121 1218 364 1273 Hyperbolae
397 1217 475 1256 sunt
510 1217 796 1267 commentat53
832 1229 920 1256 cum
955 1218 992 1256 in
1041 1219 1081 1257 iis
1135 1230 1212 1256 non
1265 1218 1383 1257 tolum

122 1284 275 1337 infignis
305 1280 363 1319 vis
394 1277 531 1332 ingenii
580 1278 794 1331 spec‘tetur‚
839 1279 896 1319 sed
931 1280 1048 1320 etiam
1099 1279 1194 1319 haud
1246 1281 1382 1332 exigua

121 1347 201 1400 spes
235 1342 502 1396 affi11geat‚his
532 1342 860 1383 rec‘tificationibus
893 1344 930 1384 in
961 1344 1108 1384 calculo
1137 1355 1253 1394 aeque
1272 1355 1384 1383 com-

123 1411 242 1450 mode
295 1407 461 1454 vtendi,
514 1417 624 1460 atque
674 1406 796 1446 adhuc
849 1419 952 1447 arcus
983 1407 1178 1447 circulares
1208 1414 1246 1446 et
1281 1407 1380 1459 loga-

121 1473 282 1514 rithmos
313 1470 489 1511 adhibere
522 1470 644 1510 sumus
673 1470 786 1510 soliti.
851 1470 1010 1512 Nullum
1053 1471 1157 1510 enim
1210 1469 1261 1509 est
1313 1470 1384 1510 du-

121 1537 242 1583 bium,
275 1537 364 1589 quin
397 1534 488 1574 haec
524 1534 762 1586 inuestigatio
795 1546 814 1573 a
856 1535 1009 1575 summis
1040 1531 1255 1575 Geometris
1303 1543 1383 1573 tam

121 1600 219 1640 felici
250 1597 406 1639 succeffu
439 1597 596 1650 suscepta
628 1597 795 1638 latiffime
830 1608 983 1650 pateat,
1026 1608 1135 1651 atque
1170 1596 1384 1637 vberrimos

122 1662 262 1703 fruems
291 1662 487 1714 aliquando
520 1661 562 1700 fit
595 1661 786 1714 allatura;
836 1663 1000 1713 quamuis
1029 1663 1135 1700 enim
1170 1659 1245 1699 iam
1299 1659 1382 1710 plu-

124 1726 266 1766 rimum
304 1726 341 1764 in
374 1725 448 1762 hoc
484 1724 640 1772 negotio
699 1723 742 1760 fit
776 1723 1022 1773 praestitum,
1059 1722 1220 1761 minime
1256 1730 1382 1761 tamen

126 1796 248 1827 totum
301 1793 564 1837 argumentum
613 1782 710 1835 quast
759 1782 979 1824 exhaustum
1035 1783 1087 1823 est
1140 1782 1380 1824 censendum.

125 1849 230 1889 Nam
269 1849 461 1901 postquam
497 1844 611 1896 longe
643 1845 781 1884 diuersa
817 1845 1006 1885 methodo
1042 1847 1121 1886 vsus
1149 1858 1196 1885 eo
1243 1858 1382 1899 perue-
1434 1849 1437 1853 '

122 1917 159 1951 ni
181 1944 191 1960 ,
246 1920 285 1950 vt
332 1919 411 1948 tam
444 1908 482 1946 in
520 1906 650 1960 Ellipfi
681 1919 791 1960 quam
827 1907 1044 1962 Hyperbola
1087 1909 1248 1949 diuersos
1281 1922 1382 1950 arcus

121 1973 280 2013 definire
314 1971 502 2026 potuerim
525 2004 536 2022 ‚
589 1984 743 2023 quarum
777 1971 1030 2012 differentiam
1064 1973 1294 2025 geometrice
1327 1986 1382 2012 as-

122 2037 262 2089 fignare
296 2036 432 2086 liceat,
462 2036 509 2074 de
542 2047 620 2086 quo
654 2034 807 2087 quidem
841 2035 978 2075 laudati
1012 2035 1083 2075 viri
1118 2036 1291 2075 dubitasse
1322 2038 1383 2076 vi-

121 2100 288 2151 dentur,
319 2099 410 2141 hinc
440 2110 517 2140 non
552 2098 638 2138 leuis
668 2097 825 2137 acceffio
858 2098 896 2138 in
930 2099 1151 2140 nmatione
1184 2099 1290 2140 huius
1322 2113 1384 2140 ar·

744 2161 780 2202 A
815 2171 839 2200 ἓ
1211 2163 1386 2216 gumenti
