1972 2652
527 199 592 236 “30
947 187 1064 238 »Ξέ
1099 183 1112 241 )
1150 198 1175 226 0
1213 183 1227 240 (
1259 184 1375 236 ἓὶαὲω

677 300 1040 356 Quemadmodum
1074 309 1213 340 autem
1240 298 1308 342 hic
1326 299 1509 354 ponendo
1532 310 1637 340 rza
1664 302 1798 342 omnis

530 366 688 417 generis
722 365 874 418 ellipses
910 365 1048 405 sumus
1083 365 1246 418 adepti,
1291 367 1346 406 ita
1387 364 1416 405 fi
1452 377 1526 420 pro
1566 364 1688 405 altera
1731 377 1796 404 ae-

530 430 731 484 quat3011is
765 439 877 482 parte
912 430 1130 470 statuamus
1165 430 1290 486 5:ss
1324 428 1450 470 fimili
1477 429 1600 471 modo
1633 430 1680 469 ad
1714 428 1798 480 hy-

525 494 709 548 perbol-as
741 497 1045 547 perueniemus‚
1078 506 1254 548 quarum
1284 496 1362 536 foci
1398 492 1541 534 itidem
1577 493 1619 532 in
1647 494 1798 534 tem-ris

530 559 689 598 virium
727 560 997 610 reperiuntur.

667 620 863 662 Ceterum
900 620 1060 660 Αιιξῒοτ
1093 619 1160 658 hic
1191 622 1369 661 affumfit
1412 631 1578 663 motum
1622 620 1711 661 fieri
1756 620 1798 660 in

526 686 670 726 eodem
704 682 826 736 plano
860 696 957 722 cum
991 682 1184 723 ambobus
1226 685 1385 724 virium
1428 686 1604 734 centris,
1647 696 1796 725 verum

529 748 687 788 etiamfi
721 756 858 787 motus
892 760 973 787 non
1013 746 1239 788 absoluatur
1284 748 1324 786 in
1368 748 1508 786 eodem
1550 748 1696 800 plano,
1738 758 1799 789 ta-

531 826 625 854 men
658 811 878 852 methodus
912 823 990 866 qua
1026 810 1092 850 hic
1128 810 1288 853 Αιιᾶοῐ
1323 811 1377 851 est
1413 811 1505 851 vsus
1527 842 1537 860 ‚
1586 813 1673 864 pari
1709 814 1798 853 suc-

530 876 632 916 ceffu
669 875 881 917 adhibetur
903 908 913 927 ‚
945 876 1293 929 quemadmodum
1330 875 1407 915 alia
1432 874 1635 916 occaslone
1651 876 1800 930 abipso

530 942 781 992 ostendetur,
816 953 901 994 quo
934 938 1057 980 fimul
1092 941 1174 993 spes
1209 940 1557 981 Astronomorum
1591 952 1671 980 non
1708 954 1799 980 me·-

530 1007 722 1048 diocriter
776 1004 1015 1045 confirmari
1064 1006 1265 1055 videtur,
1318 1004 1402 1044 fore
1454 1004 1703 1058 aliquando,
1751 1013 1800 1045 vt

528 1083 673 1112 omnes
709 1070 1028 1124 perttltbationes
1062 1079 1258 1109 motuum
1296 1067 1529 1107 coelestium
1564 1068 1611 1106 ab
1644 1069 1800 1108 :ustione

531 1132 721 1186 plurium
754 1133 913 1170 virium
948 1130 1142 1171 oriundae
1174 1141 1248 1181 per
1273 1127 1477 1169 calculum
1502 1138 1680 1170 accurate
1699 1141 1798 1184 que-

529 1206 597 1237 ant
630 1194 804 1236 defini-ri.

1134 1307 1207 1349 Π.

584 1399 679 1460 De
723 1396 895 1456 Motu
939 1400 1245 1458 vibratorio
1289 1397 1742 1481 Tympanorum

1047 1522 1145 1561 item
1183 1522 1278 1566 III.

577 1610 640 1670 T
644 1622 916 1670 entamen
979 1611 1051 1670 de
1105 1613 1256 1670 Sono
1311 1613 1754 1693 Campanarum.

535 1743 797 1804 Au&0re
834 1745 1020 1804 Leon,
1051 1746 1267 1802 Eulero
1289 1766 1419 1825 pag.
1447 1766 1560 1822 243
1587 1759 1648 1804 et
1671 1750 1797 1807 261.

533 1893 709 2005 Duae
742 1904 1064 1957 inuestigationes
1093 1904 1140 1944 ad
1172 1901 1400 1944 Acusticam
1444 1905 1686 1954 pertinentes
1738 1914 1799 1944 at·-

668 1981 746 2022 qu‘e
779 1971 821 2009 in
857 1970 893 2010 se
925 1978 1131 2022 tantopere
1164 1966 1348 2008 difficiles
1378 1967 1670 2020 suscipiuntur,
1703 1979 1750 2008 vt
1767 1971 1801 2008 is

537 2033 619 2073 iam
655 2033 887 2087 plurimum
922 2032 1149 2088 praestitisse
1183 2031 1233 2071 fit
1269 2031 1508 2083 censendus,
1549 2034 1619 2086 qui
1661 2031 1800 2073 saltem

534 2098 839 2150 quodammodo
872 2098 946 2139 hos
981 2099 1094 2138 sonos
1127 2102 1175 2141 ad
1208 2094 1409 2137 calculum
1445 2109 1631 2139 reuocare
1656 2096 1801 2136 value-

533 2162 605 2203 urit.
668 2163 840 2206 Abunde
872 2176 980 2206 nunc
1014 2163 1180 2218 quidem
1211 2163 1358 2204 constat
1377 2193 1389 2215 ‚
1422 2163 1580 2216 quantis
1618 2159 1798 2202 difficul—

1651 2226 1798 2267 tatibus
