1972 2652
394 744 479 778 Tab.
505 745 546 778 V.

415 796 486 839 Fig.
515 806 546 830 2.

568 189 654 231 290
771 170 1603 221 OBSERVATIONES

568 289 679 330 instar
712 289 808 330 sumi
841 295 901 328 aut
935 285 1089 327 nebulae
1130 285 1276 328 rarioris
1295 312 1309 339 ‚
1365 285 1655 341 quodammodo
1705 293 1827 327 trans-

569 363 753 408 parentes.

712 431 849 472 Prioris
886 432 1030 485 generis
1069 432 1296 474 macularum
1349 445 1414 473 me
1445 444 1614 486 vnquam
1648 429 1825 486 reperisse

566 493 664 548 apud
696 493 789 534 alios
823 495 1063 536 mentionem
1096 494 1276 536 iniestam
1301 528 1313 547 ‚
1340 507 1416 537 non
1449 495 1639 536 recordor.
1693 505 1698 510 ·

717 573 763 616 In
812 573 1028 629 posterioris
1056 577 1201 629 generis
1235 576 1391 616 maculis
1421 575 1606 629 peculiare
1637 573 1829 616 obseruaui

571 637 899 691 phaenomenon‚
951 639 1054 690 quod
1074 668 1088 690 ‚
1138 637 1251 692 qualis
1301 638 1348 678 fit
1399 637 1630 680 macularum
1675 638 1828 678 istarum

570 700 745 751 indoles,
779 699 947 741 distinete
981 700 1186 740 monstrare
1220 699 1380 742 videtur.
1445 700 1488 742 Si
1539 713 1680 755 nempe
1729 700 1830 741 Iinea

572 763 601 804 F
610 760 648 803 G
679 765 823 818 separet
852 774 989 816 corpus
1022 763 1212 816 quoddam
1246 773 1411 815 opacum
1447 759 1622 812 HFGI‚
1655 776 1674 802 a
1710 773 1832 803 trans-

571 836 726 880 parente
760 823 944 876 FGKL,
992 826 1091 879 quod
1125 837 1145 865 a
1177 822 1557 866 lumine·transeunte
1589 824 1715 864 viuide
1749 822 1832 864 illu·-

572 889 701 930 stratur
727 922 738 942 ‚
787 901 831 930 ac
864 888 989 929 oculus
1020 888 1071 929 ita
1102 887 1346 941 disponatur,
1395 897 1439 928 vt
1474 886 1616 928 macula
1648 887 1833 940 quaedam

572 953 711 992 incidat
761 951 917 992 dimidia
967 952 1016 991 sui
1066 959 1172 1004 parte
1222 948 1359 993 ADC
1417 951 1457 990 in
1489 962 1652 1003 opacum
1675 979 1687 1001 ,
1719 950 1832 990 altera

572 1010 698 1055 ΑΒΕ
729 1015 767 1054 in
799 1023 1030 1067 transpatens
1061 1025 1226 1066 corpuS,
1277 1024 1363 1066 pars
1393 1010 1520 1053 ΑΒΕ
1556 1012 1689 1052 nebula
1734 1012 1832 1066 quasi

573 1075 721 1117 obtefflt
774 1085 951 1128 apparet,
999 1087 1082 1128 pars
1120 1087 1212 1115 vero
1246 1072 1399 1126 ADC,
1432 1087 1526 1128 quae
1557 1086 1675 1127 opaca
1709 1074 1834 1115 videri

574 1140 758 1191 deberet,
808 1140 925 1178 etiam
978 1137 1189 1178 sensibiliter
1221 1136 1432 1178 illuminata
1465 1145 1620 1191 apparet
1648 1169 1660 1188 ‚
1707 1136 1755 1178 ita
1790 1144 1836 1177 vt

575 1203 733 1256 spatium
787 1214 952 1254 opacum
1002 1201 1174 1241 videatur
1224 1212 1300 1241 non
1341 1200 1496 1254 separari
1529 1212 1549 1240 a
1581 1209 1832 1254 transparente

577 1277 647 1317 per
680 1265 821 1304 lineam
854 1264 994 1303 rectam
1031 1261 1105 1303 FG
1129 1295 1140 1315 ,
1189 1263 1247 1304 sed
1290 1264 1396 1316 >quasi
1450 1264 1693 1304 terminatum
1742 1262 1835 1302 esset

581 1339 648 1379 per
680 1326 816 1365 lineam
853 1324 1069 1367 FADCG
1091 1352 1103 1372 ‚
1144 1337 1196 1366 ex
1228 1325 1341 1367 restis
1365 1326 1505 1368 duabus
1537 1336 1576 1368 et
1607 1325 1837 1369 semicirculo

581 1388 847 1442 compofitam.

730 1480 810 1519 Vix
843 1479 1024 1520 subsistere
1057 1481 1157 1534 poffe
1191 1480 1337 1520 videtur
1382 1477 1458 1519 hoc
1509 1476 1802 1533 phaenomenon
1822 1510 1836 1531 ⁷

583 1554 667 1582 curn
705 1543 883 1595 opinione
915 1555 954 1583 ea
977 1573 988 1587 ,
1047 1555 1140 1596 quae
1175 1543 1350 1584 morbum
1386 1542 1488 1583 hunc
1521 1554 1593 1595 pro
1626 1542 1837 1594 paralytico

581 1604 692 1644 habet
721 1605 879 1658 affectu3
915 1605 939 1646 si
971 1606 1073 1646 enim
1109 1606 1188 1646 talis
1221 1606 1331 1656 foret,
1364 1604 1523 1657 spatium
1557 1602 1690 1644 ADC
1722 1604 1840 1644 nulla-

586 1677 690 1707 tcnus
723 1668 971 1708 illuminatum
1010 1680 1185 1721 apparere
1220 1669 1364 1721 posset,
1409 1667 1468 1707 sed
1503 1667 1625 1720 potius
1657 1677 1840 1722 apparen-

588 1731 635 1770 tia
670 1731 857 1771 eiusmodi
891 1732 960 1771 effe
992 1732 1142 1772 deberet
1162 1762 1172 1781 ,
1221 1729 1319 1783 quas!
1352 1741 1487 1783 corpus
1519 1741 1676 1783 opacum
1708 1729 1840 1770 termi-

590 1804 735 1833 naretur
769 1794 862 1833 linea
899 1795 926 1834 F
937 1791 1131 1837 ABCG,
1164 1805 1241 1833 non
1275 1804 1367 1832 vero
1391 1824 1402 1845 ‚
1434 1793 1490 1832 vti
1521 1792 1670 1845 semper
1700 1793 1839 1843 euenit,

590 1855 682 1893 linea
718 1857 748 1896 F
765 1854 895 1896 ADC
906 1856 955 1898 G.
1027 1857 1240 1909 Dioptricis
1271 1857 1394 1908 itaque
1425 1855 1565 1909 legibus
1596 1854 1840 1896 conformiter

591 1919 885 1959 concludendum
937 1922 1013 1967 est,
1073 1920 1193 1960 adcffe
1241 1918 1279 1959 in
1326 1918 1436 1958 oculo
1487 1929 1575 1959 meo
1605 1918 1837 1959 obstaculum

593 1980 779 2031 quoddam
805 2013 815 2031 ⁷
849 1983 931 2032 post
964 1983 1122 2037 pupillae
1154 1992 1362 2036 aperturam
1398 1993 1518 2035 prope
1551 1981 1714 2022 tunicam
1749 1981 1840 2021 reti·-

593 2054 679 2080 nam
734 2042 839 2080 snum
863 2073 872 2088 ‚
920 2048 1020 2094 quod
1070 2047 1190 2086 radios
1243 2045 1381 2098 aliquos
1411 2057 1432 2083 a
1467 2044 1614 2084 transitu
1646 2044 1839 2098 impedit,

592 2116 755 2145 caeteros
802 2106 1047 2156 irregulariter
1098 2108 1282 2161 dispergit.
1378 2107 1465 2148 Hoc
1505 2109 1612 2149 enim
1651 2106 1840 2160 supposito

1763 2179 1842 2208 eius
