1972 2652
583 190 701 241 -tess
734 187 749 247 )
781 200 808 231 0
845 186 860 245 (
892 188 1010 241 ἕξω
1362 197 1423 237 49

161 307 320 347 nimam
351 303 400 345 fit
430 301 505 345 vix
535 301 691 357 aliquot
727 304 1002 345 minutorum.
1078 298 1267 355 Denique
1305 309 1426 342 nota·

160 378 207 411 tu
239 371 383 422 dignus
413 370 467 410 est
494 377 629 410 motus
661 368 907 410 vibratorius
939 379 1029 407 acus
1047 366 1296 418 magneticae
1318 375 1425 406 tem-

159 435 303 487 pestate
337 433 527 489 inprimis
560 433 755 474 fulminea
790 433 1035 473 imminente
1069 430 1319 483 obseruatus,
1351 429 1424 485 qui

159 497 240 541 fine
270 499 393 540 dubio
423 498 478 541 est
510 497 672 540 effectus
705 497 978 539 eleitricitatis
1010 496 1125 538 a'e‘ris.

760 632 814 673 V.

160 716 594 780 Obseruationes
660 716 1156 796 Meteorologicae
1182 758 1200 785 ,
1268 716 1424 774 Anni

237 800 633 866 MDCCLX.=
659 798 838 861 fatiae
880 799 1246 882 Petroburgi‚
1280 811 1344 860 et

612 883 987 947 Consectaria.

228 1022 493 1084 Au&ore
535 1024 574 1084 I.
621 1022 699 1082 A.
745 1023 989 1083 Braunio
1040 1042 1166 1106 pag.
1218 1026 1356 1108 369.

162 1166 350 1278 Quae
383 1176 606 1227 generatim
641 1175 689 1214 de
722 1176 1062 1217 obseruationibus
1105 1178 1446 1231 meteorologicis¹

148 1281 154 1286 ,
305 1243 396 1281 anni
430 1240 698 1294 praecedentis
730 1240 1066 1292 praemonuimus
1086 1271 1098 1291 ‚
1128 1241 1176 1281 de
1196 1238 1320 1281 huius
1338 1243 1446 1287 anniv

161 1316 325 1359 quoque
358 1302 696 1346 obseruationibus
728 1302 876 1344 valent.
944 1302 1094 1345 Statim
1130 1305 1258 1356 igitur
1300 1307 1348 1346 ad
1387 1318 1443 1357 ea¹

161 1370 356 1410 enotanda
388 1369 680 1424 progredimur
702 1398 714 1418 ,
747 1380 848 1420 quae
881 1367 979 1408 huic
1012 1382 1117 1410 anno
1147 1369 1311 1424 propria
1343 1371 1430 1409 fue-

162 1443 262 1475 runt
282 1465 294 1485 ‚
329 1443 370 1475 et
403 1442 544 1475 notatu
579 1433 670 1473 sunt
703 1432 901 1484 digniora.

318 1510 362 1546 1)
394 1498 517 1554 Quod
551 1498 599 1538 ad
629 1496 922 1539 obseruationes
952 1497 1248 1540 Barometricas
1273 1500 1432 1552 attinet,

164 1570 353 1603 notamus
386 1564 577 1617 primum
618 1561 878 1603 altitudinem
921 1562 1045 1603 huius
1087 1566 1179 1604 anni
1224 1564 1432 1605 summam

163 1635 205 1666 et
238 1625 438 1668 infimam.
519 1627 695 1670 Summa
739 1627 816 1668 hoc
853 1639 957 1669 anno
995 1629 1075 1669 fuit
1113 1642 1167 1667 z
1191 1634 1263 1669 28.
1287 1635 1357 1677 58.
1393 1636 1436 1667 et

164 1690 310 1731 infima
348 1696 419 1732 26.
440 1702 514 1741 74.
581 1690 754 1733 Summa
789 1691 866 1732 hoc
908 1705 1014 1731 anno
1055 1694 1270 1732 mediocr³s
1319 1690 1399 1730 fuit
1419 1721 1439 1742 ,⁷

165 1764 206 1791 et
236 1753 282 1792 ab
313 1754 527 1792 altitudine
559 1753 754 1790 omnium
786 1752 916 1793 adhuc
936 1754 1237 1793 obseruatarum
1256 1754 1436 1806 summa,

167 1813 317 1859 scilicet
354 1828 425 1863 29.
450 1827 504 1852 12
542 1813 678 1852 differt
713 1813 764 1859 1⁶5⁴&
806 1813 967 1866 pollicis
1020 1816 1241 1856 Parifienfis
1290 1817 1435 1871 quibus

169 1879 306 1918 minor
337 1877 401 1918 est.
470 1875 610 1917 Minor
644 1876 894 1930 quoquelest
925 1877 1139 1918 altitudine
1181 1879 1274 1919 anni
1318 1892 1437 1933 prae-

167 1939 336 1984 cedentis
371 1940 530 1981 summa
564 1936 711 1980 scilicet
749 1945 820 1982 28.
847 1946 916 1982 82.
984 1941 1189 1984 Nouemb.
1224 1956 1266 1992 9.
1301 1944 1434 1985 obser-
1492 1965 1497 1969 ·

169 2014 263 2047 vata
284 2036 296 2056 ‚
330 2007 389 2052 {0ss0.
457 2003 630 2046 Summa
666 2003 789 2045 huius
822 2006 917 2045 anni
951 2005 1125 2049 altitudo
1164 1998 1295 2048 mense
1332 2009 1445 2064 Sep-¹

171 2068 318 2111 tembri
342 2100 353 2119 ,
385 2069 478 2109 anni
514 2070 781 2123 praecedentis
813 2079 951 2111 contra
974 2104 984 2124 ,
1028 2072 1159 2113 mense
1202 2071 1434 2116 Nouembri

170 2135 226 2176 est
258 2132 459 2175 obseruata
482 2166 493 2186 ‚
522 2143 563 2175 et
595 2137 679 2176 iam
715 2147 766 2176 ex
798 2137 1113 2189 antecedentibus
1143 2136 1435 2180 obseruationi-

235 2197 732 2242 Tom.X.Nou.Comm.
955 2213 984 2254 g
1312 2238 1317 2243 .
1358 2196 1439 2241 but,¹
