1972 2652
555 210 671 263 ”3221ss
703 215 717 263 )
750 222 778 252 0
813 210 828 258 (
862 210 979 262 &egv-
1337 223 1398 264 175

737 323 790 364 V.

139 419 580 481 Dilucidationes
621 421 694 481 de
729 422 1153 484 Tautochronis¹
1192 425 1248 481 in
1277 444 1399 486 me«

520 507 616 565 dio
659 506 958 568 resistente.

222 638 484 699 AuCtore
530 641 721 697 Leon.
762 638 979 696 Eulero
1017 657 1146 718 pag.
1180 640 1313 711 156„

137 783 303 899 Cum
337 794 521 848 primum
563 793 734 848 pendula
785 796 833 837 ad
885 804 1047 850 tempus
1099 797 1398 841 dimetiendum,

205 873 235 899 ‚¹
266 868 509 913 motumque
544 858 857 911 horologiorum
893 861 1201 915 temperandum
1219 861 1395 903 adhiberi

134 920 225 962 sunt
258 934 405 978 caepta,
433 922 695 966 oscillationes
728 938 809 966 non
841 925 999 980 prorsus
1033 926 1259 981 aequalibus
1286 935 1397 966 tem-

135 986 299 1040 poribus
339 987 486 1029 abso'ui
509 1019 520 1039 ‚
557 989 619 1029 sed
670 989 840 1029 maiores
890 990 1141 1032 excursiones
1190 989 1397 1044 aliquanto

135 1048 228 1102 plus
262 1054 456 1105 temporis
488 1053 686 1093 insumere
719 1054 808 1093 sunt
841 1053 1091 1108 deprehensa.
1161 1054 1290 1096 Cuius
1332 1055 1397 1094 in-

139 1114 387 1160 aequalitatis
420 1116 530 1151 causa
566 1124 663 1151 mox
698 1116 739 1149 in
773 1127 821 1151 eo
854 1118 978 1165 posita
1012 1119 1083 1154 effe
1110 1120 1395 1168 reperiebatur,

136 1171 244 1224 quod
276 1184 421 1224 corpus
456 1174 572 1222 super
606 1183 703 1209 arcu
734 1174 877 1211 circuli
918 1177 1149 1214 descendens
1190 1178 1397 1227 aliquanto

137 1234 287 1274 tardius
320 1235 366 1274 ad
400 1233 600 1288 puncium
633 1233 827 1274 infimum
864 1237 1099 1288 pertingat,
1150 1249 1234 1293 quo
1275 1237 1396 1279 altius

135 1298 366 1339 descensum
394 1299 588 1352 inceperit
609 1327 619 1347 ,
653 1298 808 1338 etiamsi
844 1298 1053 1341 discrimen
1088 1300 1136 1340 sit
1189 1311 1278 1344 tam
1307 1303 1398 1347 exi-
1462 1344 1470 1351 ,

134 1373 289 1413 guum,
324 1372 371 1402 vt
401 1361 557 1403 nonnisi
591 1363 901 1403 accuratioribus
935 1364 1276 1406 obseruationibus
1310 1367 1396 1408 ani-

135 1428 334 1480 maduerti
367 1437 499 1480 queat.
578 1426 688 1469 Cum
731 1428 862 1479 igitur·
890 1428 1091 1483 aequabile
1139 1440 1359 1471 curuamen
1382 1461 1393 1481 ,

134 1489 251 1542 quale
281 1493 320 1531 in
356 1492 520 1531 arcubus
555 1491 815 1532 circularibus
851 1493 968 1544 inest,
1002 1507 1081 1534 non
1103 1492 1152 1532 sit
1171 1506 1314 1548 aptum
1345 1494 1392 1535 ad

134 1566 274 1593 omnes
293 1554 485 1596 descensus
512 1555 740 1595 isochronos
767 1556 994 1598 efficiendos
1015 1589 1026 1608 ,
1060 1556 1173 1598 filcile
1200 1558 1392 1609 colligere

133 1616 297 1667 licebat,
332 1618 362 1658 si
382 1619 472 1661 loco
490 1618 632 1659 circuli
655 1617 732 1659 alia
751 1632 876 1660 curua
894 1621 1144 1671 adhibeatur,
1163 1624 1278 1662 cuius
1296 1633 1392 1661 cur·

135 1691 276 1722 vatum
293 1683 532 1724 ascendendo
550 1685 746 1724 continuo
765 1684 877 1723 fieret
900 1687 1047 1736 maior,
1074 1685 1162 1726 fieri
1183 1685 1310 1738 posse,
1345 1692 1392 1725 vt

135 1752 225 1784 tum
261 1758 400 1785 omnes
433 1748 627 1786 descensus
662 1748 711 1783 ad
744 1748 938 1797 temporis
973 1748 1253 1798 aequalitatem
1298 1761 1392 1802 per-

135 1806 387 1846 ducerentur.
456 1808 614 1845 Verum
648 1815 731 1844 tam
765 1807 815 1845 ob
856 1807 1073 1857 Analyseos
1122 1822 1245 1859 quam
1297 1812 1390 1852 Me·-

135 1868 315 1908 chanicae
347 1869 547 1908 defectum
583 1876 723 1907 natura
757 1867 879 1908 huius
913 1882 1062 1910 curuae
1097 1870 1261 1911 definiri
1313 1885 1399 1917 none

136 1941 292 1986 poterat
319 1963 329 1980 ‚
359 1934 484 1972 donec
520 1932 595 1971 Vir
628 1931 790 1973 summo
822 1933 971 1985 ingenii
1007 1935 1192 1974 acumine
1236 1936 1396 1989 praedi--

137 2004 200 2035 tus
232 1995 461 2044 ostendisset,
496 1995 596 2035 hanc
618 1998 907 2050 proprietatem
940 1999 980 2038 in
1015 1998 1241 2050 cycloidem
1274 2012 1390 2041 com-

141 2069 303 2113 petere:
336 2069 376 2099 et
408 2061 599 2112 quoniam
642 2061 960 2102 commodiffime
996 2064 1163 2113 euenit„
1189 2072 1238 2108 vt
1271 2063 1392 2104 huius

140 2135 287 2164 curmae
322 2123 486 2164 euoluta
522 2126 671 2165 iterum
709 2125 757 2167 sit
788 2125 937 2180 cyclois
958 2158 977 2180 ,v
1003 2127 1163 2172 inuenti
1192 2128 1392 2182 istius-ap·

201 2188 324 2229 Tom.
337 2189 390 2230 X.
403 2188 513 2230 Non.
525 2188 689 2232 Corum.
856 2203 881 2234 c.
1303 2192 1393 2250 pli«
