1972 2652
564 222 622 261 ιιι-
974 204 1088 256 ·»ἓθῖἒ
1123 201 1138 257 )
1172 215 1199 244 0
1235 203 1252 254 (
1283 204 1399 258 23³³«-

1143 319 1223 360 lv,

565 411 654 471 De
698 410 896 492 insigni
942 413 1307 473 promotione
1351 408 1620 470 Methodi
1655 411 1816 472 Tan»

894 504 1156 576 g‘a‘ffffflm
1201 498 1470 557 irrueriae.

658 643 917 707 Au&ore
961 646 1143 707 Leon.
1189 652 1397 708 Eulero
1437 671 1566 730 pag.
1617 666 1727 725 135.

556 800 774 918 Notum
807 815 861 855 est
893 812 1092 867 Analyfin
1124 815 1381 857 infinitorum
1409 816 1586 869 primam
1611 816 1816 868 originem

684 890 733 918 ex
748 890 797 920 eo
814 877 1129 921 Geometrarum
1154 882 1281 922 studio
1302 879 1483 931 traxiffe,
1517 893 1600 935 quo
1622 882 1815 922 omnium

555 938 762 982 linearum
811 955 1032 985 curuarum
1086 955 1291 998 tangentes
1338 947 1478 986 ducere
1533 947 1623 986 sunt
1670 945 1814 987 conati.

556 1003 668 1046 Cum
698 1006 808 1046 enim
845 1009 927 1049 iam
952 1011 1110 1064 pridem
1134 1020 1224 1051 ante
1248 1009 1492 1052 Geometrae
1514 1012 1692 1051 maxime
1718 1010 1816 1050 fuis-

554 1068 640 1109 sent
674 1069 834 1112 solliciti
859 1103 870 1123 ,
914 1083 961 1114 vt
993 1075 1236 1116 methodum
1270 1085 1419 1115 certam
1462 1076 1654 1128 cuiusque
1689 1073 1818 1115 lineae

555 1143 706 1172 curuae
747 1144 950 1181 tangentes
991 1137 1222 1173 inueniendi
1275 1136 1573 1181 scrutarentur,
1612 1143 1730 1185 atque
1770 1135 1819 1175 ad

556 1193 668 1235 hunc
698 1194 864 1245 scopum
897 1195 1092 1235 continuo
1144 1194 1311 1248 propius
1344 1194 1598 1245 acceffiffent‚
1629 1196 1820 1247 sagacita-

556 1265 599 1298 te
634 1255 795 1296 tandem
829 1256 1089 1298 summorum
1125 1258 1383 1312 ingeniorum
1411 1256 1596 1299 Newtom·
1624 1268 1665 1298 et
1699 1260 1819 1302 Leib-

556 1320 651 1362 m'zii
684 1319 864 1361 calculus
896 1321 1169 1364 differentialis
1202 1324 1256 1364 est
1289 1324 1497 1374 inuentus,
1527 1334 1610 1376 quo
1641 1335 1742 1365 mox
1759 1326 1816 1365 fie-

555 1383 741 1425 liciffime
775 1385 943 1426 successu
977 1387 1069 1428 sunt
1102 1385 1160 1426 vfi
1199 1387 1247 1428 ad
1288 1396 1490 1438 tangentes
1530 1389 1723 1429 omnium
1762 1388 1819 1430 li-

557 1460 731 1490 nearum
772 1462 993 1492 curuarum
1019 1481 1033 1502 ,
1078 1450 1299 1505 cunctaque
1339 1451 1612 1506 phaenomena
1651 1453 1698 1493 ab
1736 1451 1817 1493 fitu

559 1514 814 1564 tangentium
848 1517 1058 1570 pendentia
1091 1514 1326 1557 definienda.
1392 1516 1599 1572 Quoniam
1621 1527 1721 1557 vero
1734 1518 1816 1558 iam

558 1586 650 1615 ante
680 1587 784 1618 certa
816 1583 1010 1632 quaedam
1044 1579 1213 1621 artificia
1247 1582 1302 1620 ita
1343 1580 1413 1621 etfi
1452 1579 1588 1621 multo
1629 1581 1817 1636 imperfe-

560 1639 665 1680 &ius
699 1643 912 1694 praestandi
944 1652 1056 1683 erant
1088 1643 1297 1696 explorata
1319 1675 1330 1694 ‚
1380 1655 1512 1685 tamen
1553 1643 1648 1685 hinc
1688 1658 1817 1687 nouae

560 1703 671 1743 istius
703 1706 951 1748 inuentionis
983 1705 1112 1757 gloria
1147 1707 1253 1748 haud
1276 1709 1530 1751 mediocriter
1548 1710 1741 1750 imminui
1761 1710 1816 1751 est

561 1768 642 1807 visa
665 1799 676 1817 ,
725 1769 797 1808 nifi
833 1782 875 1808 ea
910 1771 956 1809 ad
989 1771 1191 1810 eiusmodi
1226 1772 1547 1822 inuestigationes
1585 1787 1817 1814 accommo-

560 1831 724 1871 daretur
747 1860 758 1878 ,
793 1843 892 1882 quae
929 1831 1098 1870 illorum
1134 1832 1407 1871 artificiorum
1442 1836 1528 1872 vim
1564 1839 1724 1886 penitus
1750 1836 1817 1875 su-

561 1900 753 1944 perarent.
820 1893 925 1932 Hinc
961 1894 1102 1946 primis
1132 1893 1407 1937 inuentoribus
1442 1897 1573 1935 statim
1616 1900 1657 1937 in
1699 1911 1814 1938 men-

562 1965 645 1996 tem
681 1957 794 1995 venit
828 1957 974 1996 statum
1014 1957 1274 2011 quaestionis»,
1316 1972 1413 2012 quae
1456 1962 1670 2014 praecipue
1710 1963 1814 2002 circa

561 2027 767 2070 tangentes
801 2021 1059 2071 versabatur,
1108 2021 1341 2073 inuertere,
1392 2024 1520 2076 iisque
1563 2028 1633 2078 qui
1677 2027 1814 2066 minus

558 2082 757 2136 splendide
789 2083 837 2122 de
871 2097 979 2126 nouo
1012 2086 1085 2125 isto
1110 2085 1252 2127 calculi
1277 2098 1419 2138 genere
1441 2088 1678 2140 sentiebant,
1707 2092 1813 2130 eius-

559 2147 671 2189 modi
705 2148 947 2202 quaestiones
978 2162 1203 2206 proponere
1224 2182 1235 2203 ‚
1268 2152 1410 2204 quibus
1441 2163 1492 2194 ex
1524 2155 1613 2196 data
1645 2155 1814 2206 quadam

1646 2226 1814 2270 tangen-
