1972 2652
263 226 723 301 TANGENTIVM
760 229 1116 278 INVERSAE.
1239 245 1324 285 ¹37

76 347 312 390 conditiones
345 346 556 402 propositas
582 347 702 388 etiam
737 346 916 400 principii
946 344 1198 387 continuitatis
1234 346 1332 387 ratio

73 411 131 452 est
179 411 359 451 habenda.
452 411 568 467 Quod
620 411 940 463 quemadmodum
976 409 1023 449 ad
1058 408 1238 449 calculum
1271 420 1334 448 ac-

74 474 319 515 commodari
350 475 566 522 conueniat,
599 485 648 513 ex
680 473 856 513 solutione
892 472 1138 526 problematis
1154 472 1337 512 traiecsto-

73 537 216 577 riarum
246 537 528 590 >reciprocarum
550 568 560 588 ,
611 536 809 589 catoptrici
842 535 936 576 illius
966 536 1199 588 aliorumque
1231 534 1338 575 simi·

74 598 170 639 lium
202 600 354 653 intelligi
388 599 529 654 potest,
562 599 624 639 cui
655 607 879 654 argumento
908 608 1110 655 propterea
1142 598 1250 640 fufius
1266 608 1335 638 ex·

73 661 254 716 plicando
286 663 346 704 hic
374 662 603 717 supersedeo,

221 772 268 808 4.
302 755 410 798 Circa
436 755 656 798 huiusmodi
689 763 815 796 autem
851 755 936 794 bina
969 754 1108 807 puncta
1129 787 1140 806 ‚
1173 756 1218 796 ad
1238 767 1332 808 quae

72 819 118 860 :in
173 819 304 860 talibus
350 820 649 872 problematibus
687 817 795 857 fimul
825 817 877 856 est
909 817 1210 870 respiciendum,
1258 818 1333 857 hoc

72 881 266 935 imprimis
314 882 438 923 notati
483 890 685 923 meretur.
734 879 834 933 quod
884 881 936 920 ita
982 882 1079 921 inter
1111 881 1143 920 se
1175 879 1333 920 debeant

72 942 153 983 effe
183 944 390 989 correlata,
439 954 484 985 vt
512 956 585 997 qua
619 944 703 997 Iege
735 944 784 983 ab
818 954 898 982 vno
926 944 1098 983 transitus
1130 943 1175 984 fit
1205 944 1250 983 ad
1282 943 1332 982 al·

73 1014 201 1047 terum
220 1039 232 1059 ‚
264 1008 397 1048 eadem
430 1008 514 1060 lege
546 1007 705 1048 viciffim
743 1005 790 1046 ab
819 1006 893 1045 isto
918 1005 963 1046 ad
998 1006 1082 1047 illud
1118 1007 1183 1046 fiat
1214 1017 1336 1045 reuer-

74 1068 140 1110 sio.
202 1069 261 1110 Ita
290 1070 319 1110 fi
353 1071 553 1123 quaepiam
585 1067 766 1109 variabilis
796 1068 840 1108 ad
874 1069 1035 1108 alterum
1068 1069 1182 1108 relata
1217 1078 1337 1120 pona-

75 1139 136 1170 tur
165 1142 268 1180 :z‚
300 1143 360 1171 res
392 1129 700 1170 commodissime
728 1131 779 1170 ita
814 1130 959 1183 concipi
990 1130 1101 1181 solet,
1136 1140 1180 1169 vt
1197 1131 1334 1169 eadem

77 1194 255 1246 negatiue
284 1194 408 1234 sumta
440 1194 486 1234 ad
520 1193 679 1233 alterum
722 1192 931 1245 reseratum
985 1192 1031 1233 fic
1082 1193 1189 1232 enim
1239 1193 1334 1233 dum

74 1255 170 1296 haec
202 1256 325 1296 denuo
358 1255 528 1308 negatiue
561 1254 734 1306 capitur,
785 1255 867 1306 quia
903 1263 985 1294 tum
1021 1255 1155 1295 iterum
1209 1255 1335 1295 euadit

76 1318 234 1370 pontina
257 1349 268 1370 ‚
321 1317 366 1356 ad
413 1317 513 1369 prius
545 1316 727 1368 punc'tum
760 1314 805 1354 fit
838 1316 1015 1355 transitus.
1117 1316 1248 1368 Atque
1282 1328 1336 1356 ex

72 1380 151 1420 hoc
182 1380 312 1429 fonte,
346 1379 407 1430 qui
439 1390 527 1417 cum
561 1378 746 1431 principio
777 1378 1031 1418 continuitatis
1059 1378 1260 1419 aretissime
1279 1378 1334 1419 est

70 1440 312 1492 coniunctus,
343 1440 542 1480 solutiones
574 1440 724 1480 illorum
760 1441 1044 1493 problematum
1065 1442 1146 1481 sunt
1172 1441 1336 1493 haustae,
1394 1482 1396 1484 ,

73 1504 148 1544 fine
182 1514 258 1556 quo
291 1502 359 1542 vix
390 1504 451 1543 via
483 1503 530 1544 ad
563 1515 625 1542 eas
656 1503 840 1556 patuiffit.
923 1505 1016 1545 Alio
1048 1515 1175 1545 autem
1211 1505 1335 1544 modo

70 1558 222 1606 tractari
251 1566 442 1606 debebunt
478 1565 738 1619 problemata,
771 1567 958 1621 inquibus
976 1568 1023 1608 ad
1058 1578 1159 1608 terna
1193 1567 1334 1620 puncta

72 1629 255 1668 correlata
289 1628 395 1667 fimul
425 1630 477 1669 est
510 1629 782 1680 respiciendum
809 1661 821 1683 ‚
858 1631 920 1670 vel
950 1632 1046 1671 adeo
1078 1631 1123 1669 ad
1156 1639 1331 1682 quaterna

75 1690 257 1744 pluraue,
306 1692 478 1743 quorsum
531 1692 651 1730 referri
702 1691 855 1744 poffunt
885 1705 928 1732 ea
947 1724 957 1743 ‚
1007 1704 1101 1745 quae
1132 1704 1251 1744 nuper
1283 1692 1331 1730 de
1362 1711 1366 1714 >

74 1754 226 1796 curuis,
275 1754 313 1791 iri
353 1755 479 1804 quibus
512 1764 643 1791 omnes
676 1766 777 1793 arcus
809 1754 915 1793 datae
948 1755 1154 1807 cuiuspiam
1193 1753 1332 1808 ampli-f

75 1816 213 1857 tudinis
243 1816 384 1855 debent
417 1815 489 1855 effe
519 1816 612 1855 inter
645 1814 679 1853 se
711 1816 909 1869 aequales,
941 1817 1022 1857 sum
1055 1817 1266 1857 meditatus.

218 1919 258 1957 ς.
294 1908 435 1948 Verurn
471 1910 496 1949 si
529 1910 700 1950 conditio
734 1909 954 1964 praescripta
990 1911 1036 1950 ita
1071 1911 1115 1950 ad
1149 1912 1225 1951 duo
1242 1923 1331 1951 cur·

76 1984 148 2014 'vae
181 1972 318 2024 punc'ta
351 1972 459 2012 simul
490 1973 693 2025 respiciat,
741 1983 784 2013 vt
817 1986 894 2013 non
942 1973 1052 2014 simili
1102 1977 1224 2014 modo
1269 1987 1329 2013 re-

73 2036 214 2090 greffus
242 2036 289 2075 ab
318 2034 435 2074 altero
467 2036 513 2075 ad
545 2037 701 2076 alterum
733 2036 861 2077 locum
895 2036 1050 2088 habent,
1083 2036 1142 2076 sed
1172 2049 1221 2076 eo
1243 2049 1331 2077 mo-

74 2101 156 2150 d0,
186 2110 262 2149 quo
294 2111 313 2138 a
349 2099 475 2150 ptimo
506 2100 551 2139 ad
582 2099 777 2139 secundum
810 2099 1001 2151 transitus,
1032 2100 1170 2140 eodem
1207 2101 1328 2141 modo

73 2174 101 2204 a
130 2161 289 2202 secundo
322 2161 367 2201 ad
400 2162 552 2201 tertium
585 2163 828 2221 quodpiam,
870 2162 1033 2217 hincque
1063 2164 1109 2205 ad
1152 2174 1327 2217 quartum

141 2223 261 2267 Tom.
273 2221 329 2268 X.
340 2222 447 2283 Nou.v
458 2222 622 2268 Comm.
912 2222 943 2274 S
1290 2232 1332 2263 et
