1972 2652
476 200 536 236 42
899 186 1022 237 υἱὲ-’.ἕ
1045 183 1063 240 )¹
1095 200 1121 227 0
1158 184 1173 240 (
1209 185 1327 235 ἓὶεὲσι·

476 310 581 350 um,
634 306 677 339 et
725 295 847 349 aliis,
885 299 933 340 de
991 309 1091 353 aqua
1149 299 1233 340 iam
1291 307 1380 340 ante
1432 292 1617 339 constitit
1663 296 1742 337 hoe

478 361 809 417 phaenomenum
868 365 1253 406 extraordinarium.
1376 361 1452 405 Sed
1510 362 1608 402 haec
1666 361 1741 402 ha-

478 428 617 467 Ctenus
656 428 703 468 de
744 427 1031 481 Phaenomenis
1054 461 1065 482 ‚
1104 441 1204 483 quae
1245 428 1314 468 hic
1347 429 1530 470 sufficere
1565 425 1740 481 possunt.

479 489 544 531 De
579 490 850 544 explic-anone
885 491 1040 534 horum
1084 494 1460 548 phaenomenorum
1499 502 1540 532 et
1580 492 1744 546 experi—

477 565 718 596 mentorum
751 555 882 597 adhuc
913 559 1129 599 dicendum
1161 559 1289 599 restat.
1356 559 1544 599 Primum
1588 558 1642 598 A.
1676 555 1746 594 de-

479 619 676 658 monstrat
697 647 708 667 ‚
741 623 873 668 neque·
903 621 1030 667 frigus
1056 646 1067 665 ‚
1100 629 1226 670 neque
1259 622 1437 658 calorem
1471 620 1514 657 in
1548 617 1748 658 recensitis

480 679 769 734 phaenomenis
800 676 875 718 effe
908 679 1167 733 adparentem
1188 702 1212 730 ‚>
1235 681 1291 721 ita
1323 682 1497 734 scilicet,
1531 690 1580 722 vt
1613 683 1751 736 potius

482 742 579 783 haec
612 741 754 783 caloris
786 741 981 782 diminuti
1016 751 1056 782 et
1087 743 1194 782 aneti
1230 743 1508 796 phaenomena
1533 757 1554 782 a
1586 755 1746 786 contra⁴

483 806 616 848 (stione
649 815 690 848 et
722 803 957 847 dilatatione
997 808 1130 859 vitri,
1165 820 1289 861 quain
1328 819 1350 847 a
1391 807 1666 849 contractione
1707 817 1748 848 et

486 868 721 911 dilatatione
754 873 948 911 mercurii
981 872 1104 925 ipfius
1138 873 1306 926 pendeat
1326 904 1337 923 ‚
1371 873 1431 914 sed
1465 870 1617 911 realem
1641 902 1660 922 ,Δ
1683 882 1749 911 re-

484 945 580 974 vera
613 935 724 975 enim
759 936 800 974 in
835 937 1100 990 produttione
1118 938 1300 989 frigoris,
1334 937 1619 978 mercuriusin
1639 936 1750 976 ther-

483 1008 692 1040 mometro
725 999 982 1041 contrahitur
1003 1033 1014 1053 ,
1053 1012 1094 1043 et
1128 1003 1169 1041 in
1211 1002 1474 1056 productione
1507 999 1651 1041 caloris
1689 1000 1752 1040 di-

486 1058 650 1105 latatur.
735 1063 811 1106 Sed
852 1077 1050 1119 quaenam
1093 1065 1219 1105 cauffa
1258 1065 1422 1118 physica
1459 1065 1646 1117 produeti
1678 1065 1754 1103 fri-

485 1126 596 1175 goris
630 1127 821 1178 paradoxi
854 1129 896 1164 in
932 1127 1135 1179 plerisque
1170 1126 1307 1166 fluidis
1329 1156 1340 1175 ,
1381 1135 1423 1165 et
1457 1137 1654 1177 quaenam
1688 1137 1754 1165 ra-

488 1188 551 1228 tio
582 1187 769 1238 produffi
804 1187 947 1226 caloris
982 1188 1173 1238 paradoxi
1208 1187 1251 1224 in
1283 1187 1376 1226 oleo
1402 1188 1654 1239 potiffimum
1688 1189 1756 1230 vi·-

489 1246 644 1289 trioli3
687 1246 1020 1289 Phaenomenum
1053 1250 1215 1301 frigoris
1250 1249 1441 1301 paradoxi
1473 1250 1674 1302 explicare
1702 1253 1755 1293 A.

491 1313 620 1353 studet
656 1324 725 1365 per
761 1311 1005 1355 solutionem
1039 1313 1253 1366 frigidam,
1285 1315 1385 1354 dum
1408 1311 1559 1356 scilicet
1577 1315 1755 1356 fluidum

491 1376 615 1418 bulbo
649 1375 941 1417 thermometri
982 1377 1196 1418 adhaerens
1231 1379 1273 1418 in
1308 1390 1477 1432 vapores
1509 1378 1756 1431 resoluitur,

493 1441 844 1494 quemadmodum
878 1441 972 1481 alias
1004 1442 1134 1496 frigus
1175 1443 1313 1494 augeri
1359 1442 1722 1483 animaduertimus
1743 1473 1756 1495 ,

494 1505 597 1545 dum
655 1505 814 1546 madida
864 1518 1032 1559 corpora
1083 1506 1205 1547 lintea
1254 1515 1329 1546 etc.
1360 1506 1566 1547 exsiccari
1618 1507 1757 1547 solent.

497 1568 715 1611 Eiusmodi
748 1569 909 1621 frigoris
942 1571 1155 1624 produdtio
1183 1571 1300 1610 durat
1320 1602 1331 1621 ,
1372 1572 1567 1625 quamdiu
1602 1571 1758 1612 resolu⁴

496 1632 560 1672 tio
594 1632 711 1675 fluidi
745 1634 787 1674 in
821 1647 992 1689 vapores
1014 1666 1026 1685 ,
1067 1638 1211 1678 durare
1246 1634 1356 1676 solet.
1423 1636 1527 1677 Hinc
1565 1647 1639 1678 cur
1669 1635 1757 1677 olea

495 1707 645 1749 parum
677 1707 748 1737 aut
782 1697 890 1740 nihil
922 1701 1160 1741 mutationis
1192 1699 1333 1741 caloris
1365 1702 1584 1754 producere
1609 1698 1759 1741 soleant

497 1757 673 1811 intelligi
710 1762 860 1814 potest,
893 1763 988 1814 quia
1022 1763 1164 1805 scilicet
1194 1762 1402 1803 exsiccatio
1433 1764 1542 1804 bulbi
1569 1763 1758 1804 thermo-

498 1824 644 1873 metri‚
674 1836 801 1875 eoque
833 1824 1026 1862 resolutio
1060 1826 1102 1862 in
1136 1837 1329 1878 vapores,
1362 1838 1508 1876 parum
1550 1836 1621 1866 aut
1654 1825 1759 1867 nihil

499 1885 672 1924 omnino
702 1885 746 1923 in
777 1882 873 1923 oleis
906 1883 995 1924 fieri
1028 1885 1140 1928 solet.
1206 1886 1359 1928 Contra
1392 1888 1535 1928 caloris
1570 1887 1760 1941 paradoxi

501 1947 659 1988 causam
692 1948 735 1988 in
756 1947 914 1988 vitrio'li
933 1947 1025 1989 oleo
1043 1962 1123 1991 non
1142 1950 1298 1991 dubitat
1315 1951 1474 1992 Auaor
1499 1952 1689 1994 deducere
1706 1965 1758 1993 ex

501 2011 669 2053 attrat‘ta
702 2012 749 2052 ab
780 2011 871 2053 oleo
902 2012 1060 2054 vitrioli
1094 2027 1217 2069 aqua,
1249 2026 1349 2070 quae
1381 2028 1478 2057 cum
1511 2015 1603 2058 oleo
1633 2016 1758 2057 vitri-

501 2074 563 2116 oli
591 2076 722 2116 mixta
746 2074 922 2118 calorem
953 2078 1001 2118 ad
1034 2087 1193 2134 tempus
1225 2081 1444 2134 producere
1475 2080 1623 2132 solent,
1647 2081 1758 2134 quod

503 2139 652 2182 multis
690 2142 979 2198 experimentis
1016 2144 1165 2190 ostendi
1207 2145 1334 2201 potest
1373 2155 1413 2188 et
1456 2146 1511 2189 est
1543 2144 1756 2188 ostensum.

1573 2209 1759 2252 Tandem
