1972 2652
564 234 657 277 474
905 226 1020 270 DE
1081 226 1479 273 VENERE

564 349 653 377 cum
689 339 728 378 in
760 336 941 390 praesenti
974 337 1054 377 casu
1073 364 1084 386 ,
1113 337 1169 377 illi
1202 337 1365 391 analogo
1386 367 1397 388 ,
1447 337 1577 378 eadem
1610 335 1830 378 obseruandi

563 400 779 450 meth0d0‚
810 399 1015 452 iisdemque
1048 399 1302 442 instrumentis
1326 432 1339 453 ,
1374 401 1457 442 vsus
1490 401 1595 455 sim3
1626 412 1742 453 quam
1777 400 1832 441 ob

561 475 643 502 rem
685 464 721 502 in
763 462 1019 503 concinnanda
1052 464 1268 504 recensione
1300 465 1346 505 ad
1380 466 1558 518 scriptum
1592 463 1683 503 istud
1717 463 1828 504 bene-

560 526 692 564 volum
727 524 937 566 Lestorem
970 527 1076 580 saepe
1114 527 1285 579 ablegare
1324 529 1463 569 licebit.
1561 525 1830 569 Conclusiones

559 588 694 627 deinde
726 589 1041 630 obseruationibus
1072 590 1260 630 recensitis
1293 592 1447 631 innixae
1470 620 1480 634 ‚
1513 603 1589 631 vna
1620 602 1710 631 cum
1744 602 1829 631 me-

560 649 689 691 thodis
718 652 798 693 istas
830 653 1072 707 deducendi,
1108 655 1174 693 iuo
1206 653 1338 693 ordine
1371 654 1583 707 sequentur.

711 761 752 789 2.
782 748 951 789 Primum
984 747 1033 788 de
1063 747 1154 788 statu
1185 749 1345 789 duorum
1389 748 1682 802 horologiorum
1723 747 1832 788 oscil-

560 811 784 852 latoriorum
837 810 1004 863 respectu
1055 812 1242 866 temporis
1296 813 1376 851 veri
1433 813 1534 852 redte
1565 812 1831 863 cognoscendo

560 873 722 915 solicitus
752 887 891 928 eram3
931 886 1044 926 quam
1077 876 1129 916 ob
1162 889 1241 916 rem
1273 875 1337 915 die
1366 889 1396 925 4
1447 875 1562 925 Iunii,
1594 884 1633 913 et
1667 887 1734 927 per
1754 875 1831 915 dies

559 936 816 991 subsequentes
849 949 964 990 vsque
997 938 1042 978 ad
1075 941 1114 979 d.
1155 951 1224 979 10.
1258 938 1377 990 Iunii,
1411 939 1703 992 quotiescunque
1737 950 1829 978 coe.

560 999 641 1040 lum
679 1001 802 1052 fauit,
851 999 986 1053 (nubes
1018 1003 1122 1042 enim
1154 1003 1334 1056 subinde,
1389 1001 1572 1056 fulgureae
1605 1002 1792 1042 interdum
1821 1033 1835 1053 ,

559 1063 873 1115 interueniebant)
905 1064 1058 1116 copiose
1089 1065 1298 1108 altitudines
1330 1064 1426 1106 Solis
1459 1066 1725 1120 respondentes
1756 1066 1831 1105 ob-

560 1125 694 1166 seruaui
718 1159 727 1177 ‚
774 1138 869 1181 quae
903 1126 1050 1167 dietum
1083 1128 1377 1183 horologiorum
1409 1129 1544 1169 statum
1563 1161 1574 1180 ,
1620 1139 1830 1183 eorumque

561 1190 773 1232 consensum
809 1199 982 1231 mutuum
1004 1223 1015 1244 ,
1049 1203 1255 1248 peroptato
1287 1192 1557 1246 patefecerunt.

712 1298 753 1334 3.
809 1285 910 1328 Cum
945 1298 1049 1329 mora
1090 1285 1177 1344 disti
1216 1288 1313 1331 Solis
1352 1297 1423 1343 per
1463 1288 1653 1331 horarium
1702 1289 1742 1329 in
1783 1299 1830 1328 ea

563 1348 751 1390 methodo
784 1351 919 1401 requiri
949 1352 1064 1392 soleat
1092 1384 1102 1402 ‚
1151 1365 1243 1404 quae
1276 1353 1474 1406 positionis
1506 1354 1625 1399 centri
1667 1352 1832 1392 Veneris

563 1412 601 1450 in
643 1413 743 1451 disco
784 1410 881 1450 Solis
921 1413 1280 1453 determinationem
1322 1416 1467 1467 respicit
1504 1415 1625 1466 (conf.
1663 1416 1714 1455 Τ.
1749 1414 1824 1454 VI.

561 1473 668 1514 Nou.
702 1472 865 1514 Comm.
901 1487 939 1527 p.
976 1472 1120 1530 555);
1155 1476 1203 1515 de
1235 1488 1277 1515 ea
1310 1489 1378 1530 per
1430 1477 1707 1515 obseruationes
1756 1487 1828 1515 co·-

560 1536 767 1587 gnoscenda
805 1538 837 1576 d.
880 1547 920 1584 5.
954 1537 1054 1577 Iunii
1087 1539 1262 1589 cogitaui.
1351 1540 1479 1593 Quem
1513 1540 1552 1578 in
1586 1538 1704 1577 finem
1744 1538 1830 1578 Tu·

562 1598 650 1637 bum
692 1600 828 1639 astron.
874 1603 914 1636 6.
962 1601 1048 1652 ped.
1093 1613 1180 1639 cum
1215 1600 1371 1653 libella,
1414 1600 1438 1638 l.
1469 1613 1503 1640 c.
1544 1614 1582 1651 p.
1619 1611 1720 1648 550.
1753 1602 1828 1640 de-

561 1661 733 1714 icriptum
754 1694 765 1715 .,
818 1662 1007 1713 adhibui,
1060 1664 1208 1716 eiusque
1240 1675 1315 1716 ope
1351 1675 1500 1703 moram
1542 1663 1709 1703 transitus
1739 1662 1827 1705 disci

562 1723 679 1778 Solis,
714 1736 793 1765 tum
832 1739 899 1778 per
932 1726 1041 1766 filum
1076 1726 1341 1778 liorizontale‚
1394 1738 1472 1768 tum
1518 1738 1585 1780 per
1621 1728 1794 1767 verticale
1815 1757 1830 1778 ,

562 1790 724 1840 repetitis
757 1790 895 1829 vicibus
929 1790 1157 1843 exploranti,
1209 1799 1250 1828 vt
1283 1802 1333 1830 ex
1376 1791 1433 1831 liis
1482 1791 1574 1830 datis
1627 1792 1828 1830 iecundum

563 1862 604 1889 ea
627 1882 637 1901 ,
687 1864 778 1904 quae
814 1852 839 1891 l.
873 1866 904 1893 c.
940 1866 979 1905 p.
1018 1857 1119 1902 556.
1157 1853 1424 1906 proferuntur2
1478 1867 1586 1894 mora
1621 1866 1684 1907 per
1715 1854 1830 1893 hora-

563 1915 657 1953 rium
695 1913 816 1966 posset
845 1917 1015 1957 inueniri.
1098 1917 1207 1956 Loco
1240 1926 1368 1956 autem
1408 1917 1691 1958 constructionis
1733 1929 1831 1969 geo-

372 1973 551 2011 TabXVl.
564 1978 741 2016 metricae
774 1979 825 2017 ibi
859 1980 1032 2030 traditae,
1066 1992 1148 2019 rem
1181 1978 1324 2019 calculo
1358 1981 1522 2033 prosequi
1546 1981 1676 2024 malui.
1742 1979 1826 2020 Do-

397 2024 469 2074 Fig·
502 2039 532 2060 ¹·
563 2049 667 2077 cetur
698 2052 837 2091 nempe
864 2043 897 2085 ,1.
931 2056 963 2082 c.
1000 2044 1098 2096 quod
1124 2072 1135 2091 ,
1187 2042 1212 2081 si
1249 2043 1285 2081 in
1323 2043 1509 2096 triangulo
1540 2041 1663 2084 BCG
1705 2046 1749 2084 ad
1793 2041 1831 2084 C

564 2101 782 2153 restingulo
817 2101 893 2142 BC
931 2119 1080 2146 moram
1113 2106 1199 2145 disci
1235 2118 1302 2158 per
1343 2107 1513 2146 verticaie
1556 2107 1662 2147 filum
1705 2120 1831 2159 expo-

565 2174 653 2215 nat²
708 2174 745 2204 et
786 2162 866 2206 CG
912 2179 1060 2209 moram
1094 2182 1164 2224 per
1195 2168 1465 2224 horizontale·²
1515 2169 1592 2212 BC
1626 2180 1752 2212 autem
1789 2171 1828 2209 in

1762 2230 1827 2271 Bc
