1972 2652
530 191 619 230 180
760 177 1566 223 DEMONSTRATIO

525 295 736 349 rectangula
766 294 962 345 sequentes
1000 292 1049 332 ita
1087 290 1276 332 continuo
1313 291 1464 346 propius
1513 293 1558 334 ad
1608 302 1782 335 naturam

523 360 701 411 cycloidis
730 355 922 405 accedere,
957 364 998 395 vt
1029 353 1288 396 infinitefimae
1316 356 1480 396 omnino
1513 357 1553 396 in
1591 357 1780 408 cycloides

524 423 593 465 fiat
627 422 803 460 abiturae.
885 416 995 458 Hanc
1036 431 1129 473 ergo
1162 419 1354 473 egregiam
1389 419 1660 474 proprietatem
1696 430 1782 461 aute

525 483 726 525 accuratius
754 480 936 536 explicari
970 484 1204 536 conueniet,
1257 494 1369 538 quarn
1420 483 1467 523 de
1509 484 1586 524 eius
1618 483 1784 523 demon·

531 547 705 589 stratione
737 547 850 590 fimus
882 544 1042 589 solliciti.

1112 627 1188 670 111.

671 700 771 743 Cum
804 700 915 754 igitur
948 698 1010 740 ista
1044 712 1241 741 curuarum
1273 698 1380 741 series
1411 711 1433 739 a
1465 710 1576 740 curua
1625 711 1784 753 quacun·

524 779 594 818 que
614 798 625 817 ,
660 766 779 806 modo
812 765 854 805 sit
887 763 1096 817 rec'tangula
1118 793 1127 807 ‚
1160 763 1327 803 inchoari
1359 761 1489 815 poffit,
1520 775 1541 802 a
1561 762 1785 804 definitione

523 842 651 870 curnae
705 827 941 881 reftangulae
991 827 1215 867 ordiendum
1248 825 1412 865 videtur.
1508 824 1604 865 Non
1654 837 1782 868 autem

518 905 654 933 curuae
688 891 923 944 restingulae
953 890 1181 945 peculiarem
1212 900 1410 929 curuarum
1446 886 1608 941 speciem
1642 889 1780 929 consti-

528 967 630 997 tuere
665 955 741 996 sunt
776 955 966 1007 putandae
989 984 1001 1005 ‚
1050 952 1110 993 sed
1159 965 1210 992 ex
1258 951 1419 1005 qualibet
1467 963 1579 992 curua
1626 951 1786 993 abscindi

524 1018 646 1072 potest
677 1018 805 1071 portio
825 1049 835 1067 ,
868 1019 929 1057 cui
965 1017 1059 1056 haec
1090 1009 1363 1055 denominatio
1397 1014 1613 1066 competit,
1634 1016 1786 1066 quaudo

527 1091 721 1133 tangentes
746 1111 757 1129 ,
801 1080 840 1119 in
874 1080 950 1118 eius
981 1077 1146 1118 terminis
1179 1076 1332 1124 dustae,
1362 1075 1429 1115 fibi
1478 1074 1557 1114 sunt
1586 1079 1789 1128 perpendi·

525 1144 690 1195 cul—ares,
721 1142 792 1184 siue
825 1142 939 1182 etiam
972 1139 1123 1195 quando
1157 1138 1342 1180 normales
1373 1138 1414 1178 in
1455 1137 1629 1178 terminis
1657 1138 1787 1180 ductae

529 1206 596 1249 fibi
627 1207 673 1248 ad
707 1205 887 1259 angulum
919 1205 1069 1244 rectum
1109 1211 1323 1243 occurrunt.
1418 1200 1493 1241 Hic
1532 1201 1670 1242 scilicet
1708 1215 1789 1245 non

528 1270 685 1325 qualitas
713 1279 846 1310 curuae
869 1294 882 1317 ,
918 1267 978 1308 sed
1010 1266 1191 1319 quantitas
1222 1263 1407 1318 portionis
1422 1263 1615 1317 assumtae,
1646 1263 1787 1319 specta.

522 1343 616 1386 tur3
652 1346 694 1373 ac
726 1340 828 1371 tanta
861 1331 1037 1382 cuiusque
1064 1340 1200 1368 curuae
1236 1326 1395 1380 portia),
1445 1327 1547 1367 cuius
1592 1329 1784 1370 normales

528 1405 723 1437 extremae
757 1395 853 1434 inter
887 1392 919 1433 se
951 1393 1037 1432 sunt·
1066 1390 1406 1445 perpendiculum,
1439 1400 1549 1429 curua
1574 1391 1789 1443 restangula

529 1470 714 1511 vocatur3
755 1458 854 1497 vnde
885 1456 1127 1496 commodius
1159 1452 1373 1496 huiusmodi
1404 1464 1537 1494 curuae
1569 1453 1696 1508 portio
1728 1464 1792 1494 ar-

531 1534 593 1563 cus
623 1520 860 1574 rec'tangulus
889 1519 1096 1561 vocabitur.

1099 1623 1105 1628 '
1121 1616 1195 1659 IV.

667 1699 836 1739 Planiora
869 1697 961 1738 haec
992 1694 1192 1736 reddentur
1226 1702 1277 1731 ex
1307 1690 1466 1731 notione
1498 1688 1756 1743 amplitudinis
1776 1720 1792 1744 ,

532 1774 625 1817 quae
657 1763 810 1804 cuilibet
843 1772 977 1801 curu-ae
1010 1756 1177 1812 portioni
1208 1755 1412 1796 conuenire
1442 1754 1585 1795 dicitur.
1625 1753 1691 1794 Est
1722 1766 1791 1793 au-

532 1837 614 1866 tem
661 1823 874 1881 amplitudo
926 1822 1117 1864 cuiuslibet
1167 1831 1271 1860 arcus
1310 1830 1445 1858 curuae
1488 1817 1672 1871 angulus,
1713 1828 1791 1869 quo

371 1908 450 1944 Tab.
478 1908 519 1945 Π,
534 1889 727 1929 normales
775 1889 821 1929 ad
860 1889 937 1928 eius
960 1883 1218 1927 extremitates
1249 1882 1380 1923 duc‘tae
1411 1881 1576 1921 inuicem
1610 1880 1794 1920 inclinan-

371 1957 439 2008 Fig,
475 1973 502 1995 1.
534 1962 610 1992 tur.
672 1952 728 1992 Ita
762 1952 787 1991 fi
823 1948 998 1991 AMPB
1030 1948 1138 1989 fuerit
1170 1957 1279 1986 curua
1309 1956 1546 1998 quaecunque
1567 1975 1576 1993 ‚
1612 1944 1684 1983 erit
1702 1953 1791 1996 por-

535 2016 649 2055 tionis
682 2016 758 2054 eius
790 2014 884 2053 AM
902 2012 1118 2066 amplitudo
1149 2009 1309 2062 aequalis
1333 2008 1472 2061 angulo
1491 2006 1652 2056 ANM,
1672 2017 1789 2059 quem

535 2079 656 2118 rectae
687 2076 775 2118 AN
809 2086 847 2116 et
881 2075 976 2116 MN
1011 2075 1056 2114 ad
1087 2073 1168 2114 eius
1202 2073 1386 2113 terminos
1417 2073 1454 2111 A
1489 2081 1526 2110 et
1564 2070 1610 2110 M
1633 2080 1790 2110 norma·

536 2141 590 2181 les
622 2141 868 2194 constituunt3
887 2148 926 2180 et
955 2137 1070 2178 duc‘ta
1100 2138 1145 2180 ad
1176 2137 1252 2178 eius
1268 2135 1426 2189 quoduis
1443 2133 1541 2175 aliud
1559 2133 1738 2188 punctum
1760 2128 1788 2231 {³

1622 2203 1791 2233 normai
