<?xml version="1.0" encoding="UTF-8"?>
<!DOCTYPE html PUBLIC "-//W3C//DTD XHTML 1.0 Transitional//EN"
    "http://www.w3.org/TR/xhtml1/DTD/xhtml1-transitional.dtd">
<html xmlns="http://www.w3.org/1999/xhtml" xml:lang="en" lang="en">
 <head>
  <title>
</title>
<meta http-equiv="Content-Type" content="text/html;charset=utf-8" />
  <meta name='ocr-system' content='tesseract 3.04.00' />
  <meta name='ocr-capabilities' content='ocr_page ocr_carea ocr_par ocr_line ocrx_word'/>
</head>
<body>
  <div class='ocr_page' id='page_1' title='image "./novicommentariac10impe_0051.png"; bbox 0 0 1972 2652; ppageno 0'>
   <div class='ocr_carea' id='block_1_1' title="bbox 566 191 1424 252">
    <p class='ocr_par' dir='ltr' id='par_1_1' title="bbox 566 191 1424 252">
     <span class='ocr_line' id='line_1_1' title="bbox 566 191 1424 252; baseline 0.009 -11"><span class='ocrx_word' id='word_1_1' title='bbox 566 194 681 247; x_wconf 52' lang='lat' dir='ltr'><strong>032:ss</strong></span> <span class='ocrx_word' id='word_1_2' title='bbox 715 195 731 246; x_wconf 74' lang='grc'>&gt;</span> <span class='ocrx_word' id='word_1_3' title='bbox 766 205 793 236; x_wconf 88' lang='lat'><em>0</em></span> <span class='ocrx_word' id='word_1_4' title='bbox 827 191 841 248; x_wconf 58' lang='grc' dir='ltr'>ί</span> <span class='ocrx_word' id='word_1_5' title='bbox 875 193 994 245; x_wconf 51' lang='lat' dir='ltr'><strong>aaz«</strong></span> <span class='ocrx_word' id='word_1_6' title='bbox 1359 209 1424 252; x_wconf 63' lang='lat'><strong>4³</strong></span> 
     </span>
    </p>
   </div>
   <div class='ocr_carea' id='block_1_2' title="bbox 110 302 1431 996">
    <p class='ocr_par' dir='ltr' id='par_1_2' title="bbox 110 302 1431 996">
     <span class='ocr_line' id='line_1_2' title="bbox 164 302 1431 364; baseline 0.006 -22"><span class='ocrx_word' id='word_1_7' title='bbox 164 302 348 344; x_wconf 84' lang='lat' dir='ltr'>Tandem</span> <span class='ocrx_word' id='word_1_8' title='bbox 379 302 507 346; x_wconf 87' lang='lat' dir='ltr'><strong>adhuc</strong></span> <span class='ocrx_word' id='word_1_9' title='bbox 540 308 766 348; x_wconf 81' lang='lat' dir='ltr'><strong>notandum</strong></span> <span class='ocrx_word' id='word_1_10' title='bbox 801 309 871 359; x_wconf 85' lang='lat' dir='ltr'><strong>est,</strong></span> <span class='ocrx_word' id='word_1_11' title='bbox 888 306 1089 349; x_wconf 75' lang='lat' dir='ltr'><strong>occasione</strong></span> <span class='ocrx_word' id='word_1_12' title='bbox 1121 303 1275 348; x_wconf 83' lang='lat' dir='ltr'><strong>horum</strong></span> <span class='ocrx_word' id='word_1_13' title='bbox 1305 320 1431 364; x_wconf 86' lang='lat' dir='ltr'><strong>expe-</strong></span> 
     </span>
     <span class='ocr_line' id='line_1_3' title="bbox 164 368 1430 426; baseline 0.007 -20"><span class='ocrx_word' id='word_1_14' title='bbox 164 368 439 410; x_wconf 86' lang='lat' dir='ltr'><strong>rimentorum</strong></span> <span class='ocrx_word' id='word_1_15' title='bbox 472 383 652 410; x_wconf 86' lang='lat' dir='ltr'><strong>errorem</strong></span> <span class='ocrx_word' id='word_1_16' title='bbox 685 374 942 426; x_wconf 81' lang='lat' dir='ltr'><strong>quorundam</strong></span> <span class='ocrx_word' id='word_1_17' title='bbox 979 372 1246 425; x_wconf 78' lang='lat' dir='ltr'><strong>Physicorum</strong></span> <span class='ocrx_word' id='word_1_18' title='bbox 1292 374 1430 426; x_wconf 83' lang='lat' dir='ltr'><strong>magni</strong></span> 
     </span>
     <span class='ocr_line' id='line_1_4' title="bbox 162 433 1430 492; baseline 0.006 -21"><span class='ocrx_word' id='word_1_19' title='bbox 162 433 341 473; x_wconf 89' lang='lat' dir='ltr'><strong>nominis</strong></span> <span class='ocrx_word' id='word_1_20' title='bbox 372 435 445 475; x_wconf 74' lang='lat' dir='ltr'><strong>esse</strong></span> <span class='ocrx_word' id='word_1_21' title='bbox 477 435 706 487; x_wconf 44' lang='lat' dir='ltr'><strong>deterrimi,</strong></span> <span class='ocrx_word' id='word_1_22' title='bbox 746 439 816 491; x_wconf 90' lang='lat' dir='ltr'><strong>qui</strong></span> <span class='ocrx_word' id='word_1_23' title='bbox 852 439 1074 479; x_wconf 80' lang='lat' dir='ltr'><strong>statuerunt</strong></span> <span class='ocrx_word' id='word_1_24' title='bbox 1108 440 1236 489; x_wconf 67' lang='lat' dir='ltr'><strong>frigus</strong></span> <span class='ocrx_word' id='word_1_25' title='bbox 1267 449 1430 492; x_wconf 82' lang='lat' dir='ltr'><strong>quoque</strong></span> 
     </span>
     <span class='ocr_line' id='line_1_5' title="bbox 110 497 1429 553; baseline 0.006 -19"><span class='ocrx_word' id='word_1_26' title='bbox 110 545 112 547; x_wconf 21' lang='grc' dir='ltr'>Ι</span> <span class='ocrx_word' id='word_1_27' title='bbox 162 497 332 548; x_wconf 87' lang='lat' dir='ltr'>produci</span> <span class='ocrx_word' id='word_1_28' title='bbox 366 499 514 552; x_wconf 83' lang='lat' dir='ltr'><strong>solere⁷</strong></span> <span class='ocrx_word' id='word_1_29' title='bbox 547 499 574 539; x_wconf 89' lang='lat' dir='ltr'><strong>fi</strong></span> <span class='ocrx_word' id='word_1_30' title='bbox 610 501 773 553; x_wconf 86' lang='lat' dir='ltr'><strong>spiritus</strong></span> <span class='ocrx_word' id='word_1_31' title='bbox 806 502 893 542; x_wconf 89' lang='lat' dir='ltr'><strong>vini</strong></span> <span class='ocrx_word' id='word_1_32' title='bbox 928 503 1027 544; x_wconf 84' lang='lat' dir='ltr'><strong>oleis</strong></span> <span class='ocrx_word' id='word_1_33' title='bbox 1056 500 1320 542; x_wconf 75' lang='lat' dir='ltr'><strong>essentialibus</strong></span> <span class='ocrx_word' id='word_1_34' title='bbox 1346 503 1429 542; x_wconf 89' lang='lat' dir='ltr'><strong>mi-</strong></span> 
     </span>
     <span class='ocr_line' id='line_1_6' title="bbox 159 558 1429 617; baseline 0.007 -19"><span class='ocrx_word' id='word_1_35' title='bbox 159 558 323 602; x_wconf 86' lang='lat' dir='ltr'><strong>sceatur.</strong></span> <span class='ocrx_word' id='word_1_36' title='bbox 404 563 479 606; x_wconf 87' lang='lat' dir='ltr'><strong>Sed</strong></span> <span class='ocrx_word' id='word_1_37' title='bbox 522 563 567 604; x_wconf 91' lang='lat' dir='ltr'><strong>hi</strong></span> <span class='ocrx_word' id='word_1_38' title='bbox 601 564 682 605; x_wconf 84' lang='lat' dir='ltr'><strong>fine</strong></span> <span class='ocrx_word' id='word_1_39' title='bbox 714 567 838 607; x_wconf 88' lang='lat' dir='ltr'><strong>dubio</strong></span> <span class='ocrx_word' id='word_1_40' title='bbox 871 568 1002 616; x_wconf 85' lang='lat' dir='ltr'><strong>ignari</strong></span> <span class='ocrx_word' id='word_1_41' title='bbox 1048 565 1429 617; x_wconf 85' lang='lat' dir='ltr'><strong>phaenomenorum</strong></span> 
     </span>
     <span class='ocr_line' id='line_1_7' title="bbox 161 625 1428 677; baseline 0.004 -14"><span class='ocrx_word' id='word_1_42' title='bbox 161 625 459 677; x_wconf 83' lang='lat' dir='ltr'><strong>paradoxorum</strong></span> <span class='ocrx_word' id='word_1_43' title='bbox 512 625 802 667; x_wconf 81' lang='lat' dir='ltr'><strong>recensitorum</strong></span> <span class='ocrx_word' id='word_1_44' title='bbox 856 627 1035 668; x_wconf 87' lang='lat' dir='ltr'><strong>mistioni</strong></span> <span class='ocrx_word' id='word_1_45' title='bbox 1089 626 1171 666; x_wconf 89' lang='lat' dir='ltr'><strong>olei</strong></span> <span class='ocrx_word' id='word_1_46' title='bbox 1219 626 1428 668; x_wconf 70' lang='lat' dir='ltr'><strong>effemialis</strong></span> 
     </span>
     <span class='ocr_line' id='line_1_8' title="bbox 158 688 1427 746; baseline 0.004 -19"><span class='ocrx_word' id='word_1_47' title='bbox 158 700 257 727; x_wconf 88' lang='lat' dir='ltr'><strong>cum</strong></span> <span class='ocrx_word' id='word_1_48' title='bbox 291 689 430 742; x_wconf 84' lang='lat' dir='ltr'><strong>spiritu</strong></span> <span class='ocrx_word' id='word_1_49' title='bbox 467 691 553 730; x_wconf 84' lang='lat' dir='ltr'><strong>vini</strong></span> <span class='ocrx_word' id='word_1_50' title='bbox 588 691 842 738; x_wconf 83' lang='lat' dir='ltr'><strong>tribuerunt,</strong></span> <span class='ocrx_word' id='word_1_51' title='bbox 874 690 981 741; x_wconf 90' lang='lat' dir='ltr'><strong>quod</strong></span> <span class='ocrx_word' id='word_1_52' title='bbox 1014 688 1176 728; x_wconf 56' lang='lat' dir='ltr'><strong>effecius</strong></span> <span class='ocrx_word' id='word_1_53' title='bbox 1207 689 1330 731; x_wconf 81' lang='lat' dir='ltr'><strong>solius</strong></span> <span class='ocrx_word' id='word_1_54' title='bbox 1348 691 1427 746; x_wconf 87' lang='lat' dir='ltr'><strong>spi-</strong></span> 
     </span>
     <span class='ocr_line' id='line_1_9' title="bbox 154 747 1426 804; baseline 0.002 -13"><span class='ocrx_word' id='word_1_55' title='bbox 154 753 263 792; x_wconf 83' lang='lat' dir='ltr'><strong>ritus</strong></span> <span class='ocrx_word' id='word_1_56' title='bbox 294 752 418 801; x_wconf 83' lang='lat' dir='ltr'><strong>vini,</strong></span> <span class='ocrx_word' id='word_1_57' title='bbox 453 754 550 803; x_wconf 84' lang='lat' dir='ltr'><strong>(per</strong></span> <span class='ocrx_word' id='word_1_58' title='bbox 581 747 872 803; x_wconf 82' lang='lat' dir='ltr'>antecedentia)</span> <span class='ocrx_word' id='word_1_59' title='bbox 906 750 979 791; x_wconf 81' lang='lat' dir='ltr'><strong>effe</strong></span> <span class='ocrx_word' id='word_1_60' title='bbox 1012 750 1112 793; x_wconf 87' lang='lat' dir='ltr'><strong>solet</strong></span> <span class='ocrx_word' id='word_1_61' title='bbox 1133 784 1144 804; x_wconf 86' lang='lat'>‚</span> <span class='ocrx_word' id='word_1_62' title='bbox 1177 752 1276 792; x_wconf 90' lang='lat' dir='ltr'><strong>dum</strong></span> <span class='ocrx_word' id='word_1_63' title='bbox 1314 754 1426 794; x_wconf 66' lang='lat' dir='ltr'><strong>ther-</strong></span> 
     </span>
     <span class='ocr_line' id='line_1_10' title="bbox 156 812 1418 866; baseline 0.002 -12"><span class='ocrx_word' id='word_1_64' title='bbox 156 823 411 854; x_wconf 89' lang='lat' dir='ltr'><strong>mometrum</strong></span> <span class='ocrx_word' id='word_1_65' title='bbox 453 812 714 866; x_wconf 80' lang='lat' dir='ltr'>extrahitur,</span> <span class='ocrx_word' id='word_1_66' title='bbox 763 825 804 855; x_wconf 91' lang='lat' dir='ltr'><strong>et</strong></span> <span class='ocrx_word' id='word_1_67' title='bbox 843 815 885 855; x_wconf 92' lang='lat' dir='ltr'><strong>in</strong></span> <span class='ocrx_word' id='word_1_68' title='bbox 928 817 1020 856; x_wconf 73' lang='lat' dir='ltr'><strong>ae&#39;re</strong></span> <span class='ocrx_word' id='word_1_69' title='bbox 1071 818 1194 858; x_wconf 84' lang='lat' dir='ltr'><strong>etiam</strong></span> <span class='ocrx_word' id='word_1_70' title='bbox 1237 816 1418 858; x_wconf 78' lang='lat' dir='ltr'><strong>calidior-</strong></span> 
     </span>
     <span class='ocr_line' id='line_1_11' title="bbox 155 876 1420 938; baseline 0.002 -20"><span class='ocrx_word' id='word_1_71' title='bbox 155 876 423 932; x_wconf 83' lang='lat' dir='ltr'><strong>suspenditur.</strong></span> <span class='ocrx_word' id='word_1_72' title='bbox 492 877 641 920; x_wconf 83' lang='lat' dir='ltr'><strong>Multis</strong></span> <span class='ocrx_word' id='word_1_73' title='bbox 675 880 965 936; x_wconf 82' lang='lat' dir='ltr'><strong>experimentis</strong></span> <span class='ocrx_word' id='word_1_74' title='bbox 998 879 1076 923; x_wconf 88' lang='lat' dir='ltr'><strong>hoc</strong></span> <span class='ocrx_word' id='word_1_75' title='bbox 1111 894 1274 938; x_wconf 85' lang='lat' dir='ltr'><strong>quoque</strong></span> <span class='ocrx_word' id='word_1_76' title='bbox 1309 895 1420 936; x_wconf 48' lang='lat' dir='ltr'><strong>egr-‚a</strong></span> 
     </span>
     <span class='ocr_line' id='line_1_12' title="bbox 155 942 644 996; baseline 0 -12"><span class='ocrx_word' id='word_1_77' title='bbox 155 944 223 996; x_wconf 86' lang='lat' dir='ltr'><strong>gie</strong></span> <span class='ocrx_word' id='word_1_78' title='bbox 255 942 546 986; x_wconf 84' lang='lat' dir='ltr'><strong>confirmatum</strong></span> <span class='ocrx_word' id='word_1_79' title='bbox 576 945 644 986; x_wconf 86' lang='lat' dir='ltr'><strong>est.</strong></span> 
     </span>
    </p>
   </div>
   <div class='ocr_carea' id='block_1_3' title="bbox 755 1079 821 1118">
    <p class='ocr_par' dir='ltr' id='par_1_3' title="bbox 755 1079 821 1118">
     <span class='ocr_line' id='line_1_13' title="bbox 755 1079 821 1118; baseline -0.015 0"><span class='ocrx_word' id='word_1_80' title='bbox 755 1079 821 1118; x_wconf 90' lang='lat'><strong>11.</strong></span> 
     </span>
    </p>
   </div>
   <div class='ocr_carea' id='block_1_4' title="bbox 155 1179 1424 1348">
    <p class='ocr_par' dir='ltr' id='par_1_4' title="bbox 155 1179 1424 1348">
     <span class='ocr_line' id='line_1_14' title="bbox 155 1179 1424 1261; baseline -0.002 -17"><span class='ocrx_word' id='word_1_81' title='bbox 155 1184 391 1244; x_wconf 85' lang='lat' dir='ltr'>Piscium</span> <span class='ocrx_word' id='word_1_82' title='bbox 426 1182 700 1237; x_wconf 81' lang='lat' dir='ltr'><strong>rariorum</strong></span> <span class='ocrx_word' id='word_1_83' title='bbox 724 1198 756 1236; x_wconf 92' lang='lat' dir='ltr'><strong>e</strong></span> <span class='ocrx_word' id='word_1_84' title='bbox 784 1179 980 1237; x_wconf 80' lang='lat' dir='ltr'><strong>Museo</strong></span> <span class='ocrx_word' id='word_1_85' title='bbox 1002 1181 1227 1261; x_wconf 82' lang='lat' dir='ltr'><strong>Petrop.</strong></span> <span class='ocrx_word' id='word_1_86' title='bbox 1252 1203 1424 1243; x_wconf 79' lang='lat' dir='ltr'><strong>exce-</strong></span> 
     </span>
     <span class='ocr_line' id='line_1_15' title="bbox 266 1262 1310 1348; baseline 0.003 -23"><span class='ocrx_word' id='word_1_87' title='bbox 266 1278 499 1348; x_wconf 83' lang='lat' dir='ltr'><strong>ptorum</strong></span> <span class='ocrx_word' id='word_1_88' title='bbox 543 1262 941 1344; x_wconf 69' lang='lat' dir='ltr'><strong>descriptiones</strong></span> <span class='ocrx_word' id='word_1_89' title='bbox 984 1267 1310 1329; x_wconf 83' lang='lat' dir='ltr'><strong>continuae.</strong></span> 
     </span>
    </p>
   </div>
   <div class='ocr_carea' id='block_1_5' title="bbox 153 1397 1416 1485">
    <p class='ocr_par' dir='ltr' id='par_1_5' title="bbox 153 1397 1416 1485">
     <span class='ocr_line' id='line_1_16' title="bbox 153 1397 1416 1485; baseline 0 -22"><span class='ocrx_word' id='word_1_90' title='bbox 153 1400 410 1464; x_wconf 63' lang='lat' dir='ltr'><strong>Awstore</strong></span> <span class='ocrx_word' id='word_1_91' title='bbox 455 1400 498 1459; x_wconf 93' lang='grc' dir='ltr'><strong>Ι.</strong></span> <span class='ocrx_word' id='word_1_92' title='bbox 540 1399 622 1459; x_wconf 87' lang='lat' dir='ltr'><strong>T.</strong></span> <span class='ocrx_word' id='word_1_93' title='bbox 667 1397 1089 1460; x_wconf 83' lang='lat' dir='ltr'><strong>Koehlreutero</strong></span> <span class='ocrx_word' id='word_1_94' title='bbox 1131 1420 1264 1483; x_wconf 78' lang='lat' dir='ltr'><strong>pag.</strong></span> <span class='ocrx_word' id='word_1_95' title='bbox 1288 1423 1416 1485; x_wconf 81' lang='lat'><strong>329.</strong></span> 
     </span>
    </p>
   </div>
   <div class='ocr_carea' id='block_1_6' title="bbox 152 1550 1428 2259">
    <p class='ocr_par' dir='ltr' id='par_1_6' title="bbox 152 1550 1428 2193">
     <span class='ocr_line' id='line_1_17' title="bbox 155 1550 1416 1665; baseline 0.002 -61"><span class='ocrx_word' id='word_1_96' title='bbox 155 1550 434 1665; x_wconf 86' lang='lat' dir='ltr'><strong>Tredecim</strong></span> <span class='ocrx_word' id='word_1_97' title='bbox 472 1576 493 1603; x_wconf 85' lang='lat' dir='ltr'><strong>a</strong></span> <span class='ocrx_word' id='word_1_98' title='bbox 525 1559 678 1603; x_wconf 70' lang='lat' dir='ltr'><strong>Clariss‘.</strong></span> <span class='ocrx_word' id='word_1_99' title='bbox 714 1560 1013 1605; x_wconf 85' lang='lat' dir='ltr'><strong>Kochlreutero</strong></span> <span class='ocrx_word' id='word_1_100' title='bbox 1055 1563 1226 1618; x_wconf 87' lang='lat' dir='ltr'><strong>piscium</strong></span> <span class='ocrx_word' id='word_1_101' title='bbox 1270 1566 1416 1607; x_wconf 84' lang='lat' dir='ltr'><strong>descri-</strong></span> 
     </span>
     <span class='ocr_line' id='line_1_18' title="bbox 292 1627 1417 1682; baseline 0.003 -14"><span class='ocrx_word' id='word_1_102' title='bbox 292 1629 451 1682; x_wconf 87' lang='lat' dir='ltr'><strong>ptiones</strong></span> <span class='ocrx_word' id='word_1_103' title='bbox 502 1627 612 1667; x_wconf 85' lang='lat' dir='ltr'><strong>nobis</strong></span> <span class='ocrx_word' id='word_1_104' title='bbox 663 1627 807 1667; x_wconf 82' lang='lat' dir='ltr'><strong>restare</strong></span> <span class='ocrx_word' id='word_1_105' title='bbox 866 1628 993 1670; x_wconf 88' lang='lat' dir='ltr'><strong>Tom.</strong></span> <span class='ocrx_word' id='word_1_106' title='bbox 1039 1629 1163 1671; x_wconf 91' lang='lat' dir='ltr'><strong>VIII.</strong></span> <span class='ocrx_word' id='word_1_107' title='bbox 1221 1629 1417 1671; x_wconf 84' lang='lat' dir='ltr'><strong>diximus.</strong></span> 
     </span>
     <span class='ocr_line' id='line_1_19' title="bbox 154 1690 1428 1748; baseline 0.003 -18"><span class='ocrx_word' id='word_1_108' title='bbox 154 1690 313 1733; x_wconf 83' lang='lat' dir='ltr'><strong>Harum</strong></span> <span class='ocrx_word' id='word_1_109' title='bbox 355 1692 671 1744; x_wconf 84' lang='lat' dir='ltr'><strong>descriptionum</strong></span> <span class='ocrx_word' id='word_1_110' title='bbox 707 1701 785 1730; x_wconf 87' lang='lat' dir='ltr'><strong>tres</strong></span> <span class='ocrx_word' id='word_1_111' title='bbox 824 1692 934 1732; x_wconf 67' lang='lat' dir='ltr'><strong>dieto</strong></span> <span class='ocrx_word' id='word_1_112' title='bbox 975 1692 1116 1733; x_wconf 87' lang='lat' dir='ltr'><strong>Tomo</strong></span> <span class='ocrx_word' id='word_1_113' title='bbox 1156 1692 1428 1748; x_wconf 54' lang='lat' dir='ltr'><strong>inseruimus„</strong></span> 
     </span>
     <span class='ocr_line' id='line_1_20' title="bbox 153 1753 1415 1809; baseline 0.002 -14"><span class='ocrx_word' id='word_1_114' title='bbox 153 1755 234 1795; x_wconf 84' lang='lat' dir='ltr'><strong>Sex</strong></span> <span class='ocrx_word' id='word_1_115' title='bbox 266 1758 308 1795; x_wconf 87' lang='lat' dir='ltr'><strong>in</strong></span> <span class='ocrx_word' id='word_1_116' title='bbox 346 1756 604 1807; x_wconf 85' lang='lat' dir='ltr'><strong>praecedente</strong></span> <span class='ocrx_word' id='word_1_117' title='bbox 637 1753 913 1804; x_wconf 83' lang='lat' dir='ltr'><strong>reperiuntur.</strong></span> <span class='ocrx_word' id='word_1_118' title='bbox 962 1753 1196 1805; x_wconf 89' lang='lat' dir='ltr'><strong>Sequuntur</strong></span> <span class='ocrx_word' id='word_1_119' title='bbox 1221 1755 1262 1794; x_wconf 91' lang='lat' dir='ltr'><strong>in</strong></span> <span class='ocrx_word' id='word_1_120' title='bbox 1297 1770 1415 1809; x_wconf 83' lang='lat' dir='ltr'><strong>prae-</strong></span> 
     </span>
     <span class='ocr_line' id='line_1_21' title="bbox 154 1815 1412 1870; baseline 0.002 -14"><span class='ocrx_word' id='word_1_121' title='bbox 154 1816 252 1857; x_wconf 91' lang='lat' dir='ltr'><strong>senti</strong></span> <span class='ocrx_word' id='word_1_122' title='bbox 309 1828 483 1870; x_wconf 86' lang='lat' dir='ltr'><strong>quatuor</strong></span> <span class='ocrx_word' id='word_1_123' title='bbox 530 1815 718 1865; x_wconf 84' lang='lat' dir='ltr'><strong>reliquae.</strong></span> <span class='ocrx_word' id='word_1_124' title='bbox 802 1815 935 1855; x_wconf 85' lang='lat' dir='ltr'><strong>Prima</strong></span> <span class='ocrx_word' id='word_1_125' title='bbox 974 1828 1148 1866; x_wconf 87' lang='lat' dir='ltr'><strong>earum,</strong></span> <span class='ocrx_word' id='word_1_126' title='bbox 1199 1819 1412 1870; x_wconf 83' lang='lat' dir='ltr'><strong>Lophium</strong></span> 
     </span>
     <span class='ocr_line' id='line_1_22' title="bbox 153 1875 1414 1932; baseline 0.002 -11"><span class='ocrx_word' id='word_1_127' title='bbox 153 1878 319 1921; x_wconf 86' lang='lat' dir='ltr'><strong>officulo</strong></span> <span class='ocrx_word' id='word_1_128' title='bbox 350 1879 492 1920; x_wconf 87' lang='lat' dir='ltr'><strong>frontis</strong></span> <span class='ocrx_word' id='word_1_129' title='bbox 528 1875 738 1918; x_wconf 71' lang='lat' dir='ltr'><strong>tent-aculis</strong></span> <span class='ocrx_word' id='word_1_130' title='bbox 773 1877 943 1918; x_wconf 76' lang='lat' dir='ltr'><strong>carnosis</strong></span> <span class='ocrx_word' id='word_1_131' title='bbox 963 1910 975 1930; x_wconf 90' lang='lat'>‚</span> <span class='ocrx_word' id='word_1_132' title='bbox 1015 1879 1253 1920; x_wconf 84' lang='lat' dir='ltr'><strong>centralibus</strong></span> <span class='ocrx_word' id='word_1_133' title='bbox 1275 1912 1286 1932; x_wconf 89' lang='lat'>‚</span> <span class='ocrx_word' id='word_1_134' title='bbox 1331 1893 1414 1924; x_wconf 82' lang='lat' dir='ltr'><strong>ter·</strong></span> 
     </span>
     <span class='ocr_line' id='line_1_23' title="bbox 153 1940 1414 1997; baseline 0.002 -12"><span class='ocrx_word' id='word_1_135' title='bbox 153 1945 332 1994; x_wconf 82' lang='lat' dir='ltr'><strong>minato,</strong></span> <span class='ocrx_word' id='word_1_136' title='bbox 365 1943 558 1997; x_wconf 85' lang='lat' dir='ltr'><strong>depingit.</strong></span> <span class='ocrx_word' id='word_1_137' title='bbox 622 1940 798 1983; x_wconf 82' lang='lat' dir='ltr'><strong>Secunda</strong></span> <span class='ocrx_word' id='word_1_138' title='bbox 831 1940 994 1984; x_wconf 87' lang='lat' dir='ltr'><strong>Molam</strong></span> <span class='ocrx_word' id='word_1_139' title='bbox 1027 1943 1271 1996; x_wconf 78' lang='lat' dir='ltr'><strong>aculeatam,</strong></span> <span class='ocrx_word' id='word_1_140' title='bbox 1311 1946 1414 1988; x_wconf 89' lang='lat' dir='ltr'><strong>lim-</strong></span> 
     </span>
     <span class='ocr_line' id='line_1_24' title="bbox 152 2005 1413 2062; baseline 0.001 -13"><span class='ocrx_word' id='word_1_141' title='bbox 152 2009 202 2050; x_wconf 92' lang='lat' dir='ltr'><strong>bo</strong></span> <span class='ocrx_word' id='word_1_142' title='bbox 227 2008 445 2049; x_wconf 87' lang='lat' dir='ltr'><strong>abdominis</strong></span> <span class='ocrx_word' id='word_1_143' title='bbox 469 2005 687 2062; x_wconf 66' lang='lat' dir='ltr'><strong>producto,</strong></span> <span class='ocrx_word' id='word_1_144' title='bbox 721 2014 950 2058; x_wconf 85' lang='lat' dir='ltr'><strong>attenuato,</strong></span> <span class='ocrx_word' id='word_1_145' title='bbox 983 2010 1168 2060; x_wconf 85' lang='lat' dir='ltr'><strong>carnoso,</strong></span> <span class='ocrx_word' id='word_1_146' title='bbox 1203 2012 1413 2055; x_wconf 81' lang='lat' dir='ltr'><strong>monstrat.</strong></span> 
     </span>
     <span class='ocr_line' id='line_1_25' title="bbox 152 2070 1411 2130; baseline 0.002 -15"><span class='ocrx_word' id='word_1_147' title='bbox 152 2072 281 2115; x_wconf 87' lang='lat' dir='ltr'><strong>Percis</strong></span> <span class='ocrx_word' id='word_1_148' title='bbox 312 2073 455 2126; x_wconf 83' lang='lat' dir='ltr'><strong>pinuae</strong></span> <span class='ocrx_word' id='word_1_149' title='bbox 487 2070 679 2113; x_wconf 81' lang='lat' dir='ltr'><strong>dorsualis</strong></span> <span class='ocrx_word' id='word_1_150' title='bbox 712 2071 830 2111; x_wconf 79' lang='lat' dir='ltr'><strong>radiis</strong></span> <span class='ocrx_word' id='word_1_151' title='bbox 863 2073 1049 2113; x_wconf 86' lang='lat' dir='ltr'><strong>vndecim</strong></span> <span class='ocrx_word' id='word_1_152' title='bbox 1084 2073 1245 2127; x_wconf 78' lang='lat' dir='ltr'><strong>spinosis</strong></span> <span class='ocrx_word' id='word_1_153' title='bbox 1264 2107 1275 2127; x_wconf 87' lang='lat'>‚</span> <span class='ocrx_word' id='word_1_154' title='bbox 1308 2091 1411 2130; x_wconf 74' lang='lat' dir='ltr'><strong>qua-</strong></span> 
     </span>
     <span class='ocr_line' id='line_1_26' title="bbox 153 2135 1412 2193; baseline 0.001 -13"><span class='ocrx_word' id='word_1_155' title='bbox 153 2137 378 2181; x_wconf 83' lang='lat' dir='ltr'><strong>tuordecim</strong></span> <span class='ocrx_word' id='word_1_156' title='bbox 418 2135 639 2189; x_wconf 77' lang='lat' dir='ltr'><strong>mollibus5</strong></span> <span class='ocrx_word' id='word_1_157' title='bbox 687 2135 807 2176; x_wconf 74' lang='lat' dir='ltr'><strong>fasciis</strong></span> <span class='ocrx_word' id='word_1_158' title='bbox 846 2136 996 2180; x_wconf 78' lang='lat' dir='ltr'><strong>duabus</strong></span> <span class='ocrx_word' id='word_1_159' title='bbox 1036 2137 1128 2180; x_wconf 79' lang='lat' dir='ltr'><strong>latis</strong></span> <span class='ocrx_word' id='word_1_160' title='bbox 1148 2172 1160 2193; x_wconf 83' lang='lat'><strong>,</strong></span> <span class='ocrx_word' id='word_1_161' title='bbox 1201 2139 1412 2181; x_wconf 75' lang='lat' dir='ltr'><strong>albicanti-</strong></span> 
     </span>
    </p>

    <p class='ocr_par' dir='ltr' id='par_1_7' title="bbox 735 2200 1422 2259">
     <span class='ocr_line' id='line_1_27' title="bbox 735 2200 1422 2259; baseline 0.004 -17"><span class='ocrx_word' id='word_1_162' title='bbox 735 2200 758 2242; x_wconf 86' lang='lat' dir='ltr'><strong>s</strong></span> <span class='ocrx_word' id='word_1_163' title='bbox 785 2211 809 2238; x_wconf 88' lang='lat'>2</span> <span class='ocrx_word' id='word_1_164' title='bbox 1305 2204 1377 2245; x_wconf 92' lang='lat' dir='ltr'><strong>bus</strong></span> <span class='ocrx_word' id='word_1_165' title='bbox 1398 2206 1422 2259; x_wconf 70' lang='lat'><strong>,&#39;</strong></span> 
     </span>
    </p>
   </div>
  </div>
 </body>
</html>
