1972 2652
477 230 1138 279 coELEsTIVM«
1350 251 1430 292 55'1

176 368 259 410 satis
306 377 432 410 autem
484 368 618 409 ‹tx-„uste
669 369 720 409 est
774 357 957 421 ‹2:173-
997 379 1036 408 et
1077 358 1347 426 aaz-2227?
1397 382 1441 413 vt

177 444 276 474 ante.

332 508 398 535 10.
435 493 546 538 Casus
581 494 618 537 hi
650 508 698 536 eo
729 498 848 550 magis
885 499 963 538 suut
993 508 1122 539 notatu
1156 500 1293 553 digni,
1337 500 1439 554 quod

175 559 251 604 (ine
303 560 376 600 vlla
427 560 763 613 approximatione
819 561 984 601 absolute
1038 563 1208 616 expediri
1259 565 1405 618 possunt
1427 591 1440 613 ,

178 624 326 664 etiamsi
360 623 496 663 ambae
526 623 624 663 vires
660 621 758 663 Solis
791 633 828 662 et
861 634 980 665 terrae
1014 627 1055 666 ad
1109 637 1258 667 motum
1294 628 1441 681 produ-

179 688 343 728 cendum
369 695 600 739 concurrant,
623 687 657 726 id
693 685 792 740 quod
829 687 930 727 nulio
962 687 1037 727 alio
1056 689 1134 728 casu
1169 691 1352 742 praestare
1389 691 1441 732 li-

176 759 252 790 cet.
322 749 408 789 Tali
441 760 561 789 autem
598 760 706 789 motu
741 749 902 802 simplici
933 763 1070 804 corpus
1105 765 1143 791 re
1180 764 1266 793 vera
1303 766 1440 794 moue-

174 822 301 867 retur,
334 813 358 853 fi
391 812 459 866 ipsi
478 814 516 852 in
536 812 706 853 distantia
741 812 932 868 affignata,
950 816 1039 854 dum
1070 812 1166 866 Soli,
1187 817 1248 855 vel
1280 818 1441 857 coniun-

176 877 297 929 ἅυῐῐι,
317 875 377 917 vel
409 876 648 929 oppofitum,
668 889 718 917 ex
752 887 849 917 terra
883 888 1081 932 appareret
1101 909 1111 928 ‚
1149 881 1336 921 eiusmodi
1355 893 1440 921 mo-

175 950 232 980 tus
264 941 572 993 imprimeretur,
608 950 651 980 vt
684 953 769 981 cum
804 950 901 980 terra
962 943 1039 994 pari
1090 943 1188 996 passu
1236 944 1273 982 in
1321 944 1437 998 plano

173 1004 364 1056 eclipticae
397 1004 540 1055 ingredi
573 1005 770 1059 inciperet.
840 1003 907 1045 Sin
941 1015 1067 1045 autem
1100 1016 1229 1046 motus
1248 1008 1443 1061 impressus

174 1066 366 1108 tantillum
399 1067 443 1107 ab
479 1067 548 1106 hac
578 1068 662 1120 lege
695 1067 872 1121 discrepet
891 1100 902 1120 ‚
934 1080 1011 1107 nou
1053 1069 1206 1122 quidem
1250 1081 1434 1124 perpetuo

174 1128 268 1182 Soli,
288 1131 348 1170 vel
365 1131 628 1183 coniunctum,
647 1132 707 1171 vel
727 1132 965 1185 oppositum,
988 1144 1161 1173 maneret
1175 1164 1186 1186 ,
1205 1132 1265 1174 sed
1286 1135 1441 1187 exiguas

175 1193 411 1234 excursiones
444 1194 534 1234 hinc
565 1194 651 1235 inde
682 1195 779 1249 quasi
810 1195 1014 1237 oscillando
1056 1195 1275 1237 conficeret.
1350 1198 1441 1253 Quo

174 1257 256 1298 casu
290 1270 378 1298 cum
412 1268 536 1298 motus
568 1259 732 1299 minime
769 1259 815 1300 ab
853 1260 1004 1299 inuenta
1049 1261 1193 1300 ratione
1245 1262 1334 1301 esset
1383 1260 1438 1301 di-

173 1322 429 1375 screpaturus,
461 1333 569 1362 more
599 1322 729 1376 solito,
751 1323 1060 1376 approximando
1092 1325 1225 1376 etiam,
1246 1324 1442 1365 eiusmodi

174 1395 326 1425 motum
356 1384 517 1425 definire.
548 1386 712 1439 licebit·‚
746 1387 783 1426 in
816 1399 893 1439 quo
920 1399 1008 1426 cum
1044 1387 1145 1438 quasi
1179 1388 1328 1426 initium
1349 1400 1440 1428 mo-

174 1454 281 1487 tuu‘m
317 1448 577 1500 irregularium
603 1481 614 1499 ,
646 1461 740 1502 quos
775 1449 880 1488 nullo
913 1449 1123 1489 etiamnum
1155 1450 1279 1489 modo
1301 1450 1346 1490 ad
1365 1450 1441 1489 cal-

172 1511 300 1550 eulum
333 1522 508 1550 reuocare
544 1510 632 1548 [icet
655 1540 666 1558 ,
708 1512 979 1559 conspiciatur,
1032 1511 1096 1549 vsu
1129 1521 1229 1550 certe
1271 1523 1347 1551 non
1379 1523 1438 1551 ca-

174 1572 273 1611 rebit
297 1602 308 1624 ,
345 1572 370 1611 fi
401 1571 439 1609 in
474 1578 642 1609 naturam
678 1569 882 1610 istiusmodi
925 1579 1106 1612 motuum
1141 1574 1348 1614 accuratius
1380 1574 1443 1615 in.-

175 1633 368 1687 quisiuero.

331 1718 401 1746 11.
424 1704 533 1749 ‘Cum
565 1716 691 1748 autem
735 1707 826 1750 haec
874 1709 1107 1763 inuestigatio
1153 1709 1252 1752 hau-d
1302 1708 1443 1756 leuibus

176 1769 455 1811 difficultatibus
486 1772 739 1825 implicetur,
791 1772 914 1813 statim
963 1775 1010 1814 ab
1049 1775 1161 1816 initio
1205 1776 1441 1829 aequationes

175 1834 317 1874 nostras
348 1834 504 1875 tractatu
535 1834 720 1875 faciliores
754 1835 855 1875 reddi
894 1839 1102 1878 conueniet
1124 1871 1135 1889 ‚
1171 1839 1303 1892 quod,
1347 1852 1438 1881 cum

175 1898 346 1939 distantia
398 1910 425 1938 v
471 1911 559 1952 prae
612 1910 636 1938 u
690 1898 940 1939 vehementer
994 1900 1037 1941 sit
1087 1902 1224 1955 exigua
1257 1928 1268 1951 ‚
1324 1915 1440 1944 com-

176 1961 293 2001 mode
324 1972 391 2013 per
441 1961 814 2017 approximationem
869 1961 948 2003 fieri
998 1966 1131 2018 potest.
1198 1965 1352 2006 Scilicet
1385 1967 1440 2010 ob

176 2037 204 2065 z
226 2036 280 2063 :z
302 2023 340 2064 V
360 2023 449 2071 (uu
468 2046 506 2053 —
526 2036 549 2066 2
570 2037 636 2067 uv
656 2023 730 2064 cos.
752 2039 778 2074 η
801 2032 908 2072 -ι-ὐ
929 2025 988 2073 v)
1026 2028 1216 2070 eliciemus
1254 2031 1438 2083 proxime

178 2094 217 2150 ὲ,
238 2111 292 2138 z
309 2096 346 2149 ,ἐκ
369 2104 434 2146 -l—
453 2083 583 2150 ’ἶῖοΜ
602 2120 641 2128 ·-
662 2089 743 2154 {ffsv
763 2105 827 2145 -i-
853 2085 1050 2152 '⁵²'J’Js⁰s'⁷'⁸
1071 2133 1083 2155 ,
1115 2103 1276 2157 ideoque
1315 2085 1442 2154 ι-Ξῗ.

551 2163 630 2184 ζὐυ

178 2182 234 2211 Ξ
245 2149 418 2226 -ἕὲῦὸίῗ
431 2186 458 2234 *ῃ
473 2178 537 2222 -1-
554 2209 569 2226 ,
581 2206 598 2227 u
611 2174 652 2227 u(
666 2186 685 2214 1
700 2194 740 2204 -
755 2181 777 2224 5
790 2172 867 2218 coss
881 2168 956 2234 η’)
972 2205 986 2232 ‚
1019 2185 1072 2220 ex
1105 2189 1179 2235 quo
1196 2176 1444 2232 aequationes-

1362 2250 1439 2282 no-
