1972 2652
495 211 555 259 ιε
914 201 1031 261 ὡσὸ-ἐξ
1063 202 1078 262 >
1111 214 1140 246 0
1176 201 1190 261 i
1223 202 1339 257 &323⁴-

637 317 762 364 Calor
795 320 1006 362 maximus
1040 318 1163 359 huius
1197 318 1290 360 anni
1322 328 1379 358 z:
1402 323 1512 370 104,
1548 314 1650 359 Maii
1697 317 1756 354 26

484 392 539 426 ,ct
570 385 668 427 Iulii
707 391 761 425 18
797 393 838 425 et
877 399 932 435 19
967 385 1197 426 obseruatus
1219 415 1230 434 ‚
1271 381 1368 425 solet
1409 381 1482 422 effe
1521 383 1600 422 fere
1645 380 1758 421 ordi-

496 451 646 490 narius.
710 450 751 490 A
787 451 973 490 maximo
1005 451 1137 490 calore
1158 449 1285 501 igitur
1312 439 1404 498 97⁰.
1428 456 1547 497 1757
1566 455 1606 486 et
1625 454 1707 494 175
1720 450 1761 486 8.

495 512 566 553 hic
599 514 824 566 obseruato,
857 515 993 556 differt
1024 508 1084 565 7⁰.
1118 514 1282 569 Septem
1302 514 1450 555 scilicet
1473 511 1659 565 gradibus
1676 509 1761 549 mi·-

484 590 573 622 ‚nor
606 579 672 619 est.

649 639 755 681 Haec
787 638 922 680 hiems
955 637 1080 692 potest
1114 639 1240 691 igitur
1272 641 1361 680 iure
1395 651 1471 693 pro
1507 630 1765 690 frigidisfima

497 702 667 754 haberi,
701 715 802 756 quae
835 715 1018 755 vnquam
1055 703 1122 742 hic
1155 704 1329 754 contigit
1351 735 1362 754 ‚
1396 715 1497 756 quae
1529 711 1664 742 notata
1686 700 1763 750 est,

497 768 538 808 id
573 768 683 821 quod
714 776 755 807 et
796 766 959 817 frigoris
999 766 1144 816 gradus
1187 765 1336 818 reliqui
1379 765 1617 815 insigniores
1657 776 1763 818 quo-

495 843 577 885 que
610 828 791 873 recensiti
826 830 914 870 satis
947 830 1218 870 demonstrare
1254 830 1424 882 possunt.

648 895 878 938 Penetratio
912 892 1143 946 insignioris
1178 892 1299 933 huius
1331 892 1492 943 frigoris
1533 892 1574 933 in
1610 899 1763 931 terram

493 966 616 1000 extra
648 960 792 1001 vrbem
815 991 826 1012 ,
870 967 976 1000 tanta
1018 970 1179 1013 quoque
1220 958 1273 999 est
1316 957 1554 1010 deprehensa
1576 987 1587 1009 ,
1619 963 1766 1010 quanta

486 1022 664 1065 Vforfitan
699 1033 812 1066 antea
843 1035 1077 1079 nunquam,
1111 1023 1157 1063 sc.
1196 1034 1255 1070 30
1294 1021 1495 1074 pollicum
1531 1021 1764 1062 Londinen-

503 1086 638 1138 fium,
671 1101 804 1142 quum
834 1087 1022 1138 Kraftius
1056 1086 1164 1125 vltra
1196 1100 1248 1123 12
1280 1086 1442 1135 pollices
1476 1097 1566 1124 eam
1602 1084 1769 1122 mitiore

488 1148 641 1193 Jiieme
692 1163 774 1190 non
823 1146 1143 1201 deprehenderit.
1232 1145 1326 1187 Vid.
1380 1145 1504 1201 ipsius
1554 1142 1768 1197 Phyficam

531 1245 540 1254 .
574 1216 675 1258 265.
709 1213 752 1249 P.
794 1222 831 1246 1.

493 1226 528 1269 P
652 1271 831 1315 Interim
866 1271 1009 1325 glacies
1044 1269 1184 1314 Neuae
1217 1271 1369 1324 frigore
1404 1272 1482 1314 hoc
1516 1273 1632 1314 saeuo
1664 1272 1770 1313 cras-

504 1338 588 1381 fior
621 1351 703 1381 non
734 1337 921 1380 multum
955 1337 1009 1377 est
1050 1347 1230 1391 reperta,
1263 1349 1386 1391 quam
1419 1338 1622 1378 ordinarie
1657 1336 1770 1388 solet,

502 1402 653 1446 scilicet
689 1415 745 1453 29
780 1401 881 1443 Poll.
918 1402 1027 1456 pedis
1062 1402 1188 1443 Lond.
1236 1402 1450 1442 Ordinaria
1490 1401 1564 1441 effe
1606 1400 1705 1442 solet
1742 1414 1762 1440 1

502 1467 678 1510 Arschin
714 1472 846 1509 :28
893 1466 994 1508 Poll.
1035 1466 1162 1507 Lond.
1206 1466 1399 1507 Altitudo
1438 1477 1562 1519 aquae
1603 1463 1768 1518 pluuiae

496 1533 581 1575 fuit
623 1532 869 1582 mediocris,
919 1531 1123 1571 nimirum
1164 1543 1236 1584 per
1279 1532 1346 1572 sex
1380 1529 1532 1570 menses
1571 1530 1773 1582 aestiuos,

490 1608 526 1640 ra
562 1596 677 1637 Maio
707 1596 754 1636 ad
787 1595 1007 1638 Oc'tobrem
1049 1609 1100 1634 11
1141 1595 1339 1650 pollicum
1378 1595 1501 1648 paris:
1537 1594 1672 1635 Aestas
1689 1593 1768 1646 igi-

494 1667 574 1705 gtur
609 1672 692 1701 non
728 1659 897 1702 humida
919 1693 930 1713 ‚
963 1670 1003 1701 et
1036 1672 1161 1700 annus
1191 1660 1247 1701 sat
1281 1659 1428 1700 fertilis
1461 1658 1551 1699 fuit.

488 1716 494 1719 ⁴
653 1723 846 1765 Primum
881 1724 1037 1765 tonitru
1073 1724 1150 1764 hoc
1184 1737 1289 1765 anno
1321 1735 1482 1778 quoque
1511 1730 1671 1763 eatenus
1695 1731 1769 1761 ex-

506 1786 824 1828 traordinarium
859 1787 936 1827 suit
957 1819 968 1837 ‚
1002 1787 1109 1840 quod
1145 1786 1264 1827 solito
1296 1787 1415 1827 citius
1448 1787 1623 1838 contigit
1643 1817 1654 1836 ‚
1696 1785 1771 1824 sci-

449 1866 451 1868 ·
504 1850 600 1890 licet
634 1851 718 1887 iam
754 1850 900 1888 Martii
949 1858 1020 1894 25.
1096 1848 1293 1887 Ceterum
1334 1860 1387 1884 12
1424 1848 1560 1888 diebus
1593 1849 1772 1889 tonitrua

499 1910 600 1956 ‚sunt
633 1909 779 1950 audita.
848 1908 1089 1962 Congelatio
1122 1908 1271 1949 vltima
1304 1909 1383 1950 fuit
1414 1909 1518 1962 Apr.
1551 1924 1623 1949 22.

496 1970 499 1973 ⁴
660 1973 799 2014 Prima
831 1974 969 2014 rursus
1002 1973 1112 2027 Sept.
1151 1985 1223 2013 22.

658 2035 895 2079 Declinatio
928 2051 1020 2079 acus
1055 2037 1305 2089 magneticae
1332 2035 1464 2077 ethic
1498 2033 1575 2078 loci
1608 2049 1769 2093 quoque

515 2115 587 2160 per
618 2101 700 2142 dies
733 2101 937 2143 variabilis
970 2103 1014 2143 in
1046 2113 1118 2142 acu
1153 2101 1362 2156 praestanti
1397 2101 1451 2141 est
1498 2102 1736 2155 deprehensa
1759 2132 1772 2154 ,

510 2167 576 2228 ,sed
607 2177 773 2223 parum,
791 2167 847 2211 ita
880 2175 928 2211 vt
960 2166 1182 2210 differentia
1213 2166 1319 2210 inter
1353 2165 1580 2210 maximam
1612 2175 1654 2206 et
1687 2166 1770 2206 mi·-

1609 2242 1769 2273 nimam
