1972 2652
572 167 659 207 8¹2
837 156 1079 201 CALORJS
1113 155 1528 202 PHAENOMENA

567 272 743 313 extracto
765 301 776 322 ,
827 271 1026 309 confestim
1082 271 1288 310 mercurius
1332 271 1377 310 ad
1410 272 1543 323 gradus
1577 281 1605 321 4
1641 280 1678 310 et
1716 281 1736 320 ς
1775 277 1837 313 de-

566 336 738 376 scendere
792 333 828 371 in
883 333 1167 372 thermometro
1216 337 1343 387 coepit
1392 336 1488 374 intra
1523 348 1640 389 pauca
1673 338 1836 377 minuta.

567 398 679 438 Hunc
713 395 891 435 mercurii
924 394 1133 435 descensum
1154 428 1165 447 ‚
1216 397 1311 437 hanc
1346 397 1495 450 frigoris
1543 398 1832 452 productionem

567 463 607 501 in
642 458 813 498 conclaui
845 459 1012 497 eiusdem
1045 461 1259 509 temperiei,
1292 473 1371 500 nou
1401 475 1422 501 a
1457 463 1646 510 mistione,
1681 464 1744 502 vel
1778 466 1831 501 10-

568 522 717 562 lutione
746 520 825 560 olei
856 533 877 560 a
911 520 1041 573 spiritu
1078 522 1157 561 vini
1191 524 1351 574 pendere
1371 555 1384 575 ‚
1431 526 1488 564 sed
1522 525 1668 564 aliunde
1687 557 1699 575 ⁷
1731 524 1836 565 facile

567 594 647 625 erat
680 584 726 625 ad
760 583 1045 636 intelligendum
1077 595 1116 624 et
1150 585 1410 626 iudicandum.
1479 585 1640 627 Conieci
1692 588 1836 641 igitur,

568 646 647 689 hoc
678 647 995 700 phaenomenum
1028 648 1174 688 forsitan
1211 650 1421 703 imposuisse
1452 648 1542 700 illis,
1572 651 1639 702 qui
1666 652 1835 692 eiusmo-

568 711 607 753 di
639 712 903 764 experimenta
937 710 1104 751 fecerunt
1135 721 1175 752 et
1205 712 1470 766 descripserunt
1500 715 1632 768 primi.

719 836 870 878 Primus
900 837 1032 892 procul
1066 837 1183 878 dubio
1216 838 1285 878 fuit
1335 837 1535 894 Geqffr0y‚
1585 837 1836 879 Academicus

572 898 776 942 Parifienfis
805 901 1068 941 celeberrimus
1087 932 1099 952 ‚
1140 903 1203 954 qui
1236 903 1423 943 eiusmodi
1453 902 1719 955 experimenta
1748 902 1839 941 fecit

572 972 615 1005 et
643 964 836 1016 euulgauit
864 965 903 1004 in
947 964 1110 1004 Historia
1146 966 1377 1006 Academiae
1427 965 1628 1005 Parisiensis
1672 966 1722 1005 ad
1767 976 1840 1004 an-

575 1037 671 1067 num
709 1038 845 1076 ¹727·
897 1027 964 1066 vbi
994 1026 1240 1079 adfirmauit,
1287 1028 1420 1067 omnia
1456 1027 1532 1066 fere
1562 1028 1648 1068 olea
1688 1027 1840 1080 planta-

575 1101 660 1130 rum
694 1089 939 1130 destillatione
973 1099 1100 1142 parata
1120 1120 1133 1141 ‚
1168 1091 1274 1129 mista
1304 1102 1395 1130 cum
1426 1088 1552 1141 spiritu
1586 1090 1699 1142 vini,
1732 1090 1844 1141 frigus

576 1152 802 1206 producere.
901 1151 1074 1193 Imitatus
1124 1151 1220 1193 haec
1250 1151 1304 1192 est
1337 1147 1628 1204 Muschenbroek
1647 1183 1660 1206 ‚
1692 1161 1845 1193 naturae

578 1215 757 1256 scrutator
786 1215 1002 1257 clarissimus
1022 1246 1037 1267 ‚
1084 1216 1149 1268 qui
1181 1225 1222 1254 et
1253 1215 1325 1255 alia
1358 1215 1532 1268 adiecit,
1579 1215 1764 1268 descripta
1802 1217 1844 1255 in

578 1279 860 1319 Additamento
889 1279 937 1318 ad
967 1279 1176 1318 tentamina
1211 1277 1581 1331 Experimentorum
1610 1278 1846 1319 Academiae

578 1339 641 1379 del
660 1337 846 1380 Cimento
863 1341 902 1381 P.
929 1339 985 1380 ΙΙ.
1014 1353 1056 1393 p.
1090 1351 1189 1390 141.
1209 1350 1246 1379 et
1279 1341 1356 1393 sqq.
1386 1338 1503 1380 conf.
1539 1354 1690 1394 quoque
1722 1340 1849 1388 Krast

580 1402 815 1443 Academiae
846 1403 993 1442 nostrae
1022 1404 1216 1456 quondam
1250 1402 1366 1442 socius
1386 1400 1472 1442 Cel·
1506 1403 1547 1442 in
1589 1403 1849 1454 Expen‘men-

582 1465 630 1505 tis
661 1465 822 1518 physicis
855 1479 896 1519 p.
935 1478 1039 1506 200.
1134 1463 1213 1506 Sed
1243 1463 1285 1504 hi
1339 1464 1527 1505 Auctores
1575 1464 1646 1517 ἱρῇ
1690 1465 1739 1504 de
1788 1463 1848 1504 his

582 1527 864 1582 phaenomenis
892 1529 1004 1569 dubie
1038 1528 1344 1581 pronunciatum.
1427 1527 1599 1581 Geoffroy
1629 1528 1734 1566 fassus
1765 1526 1850 1577 est,

581 1588 620 1631 se
652 1591 792 1630 nullam
824 1590 960 1631 caloris
990 1591 1261 1639 mutationem,
1292 1587 1432 1628 nuilam
1459 1588 1606 1639 frigoris
1623 1588 1848 1640 produiiio-

584 1664 676 1693 nem
723 1652 920 1693 obseruare
970 1654 1161 1706 potuisse,
1211 1663 1336 1703 neque
1377 1651 1416 1689 in
1450 1649 1543 1689 oleo
1574 1649 1815 1690 Lauendulae
1836 1678 1851 1700 ‚

583 1727 704 1768 neque
737 1714 1086 1770 Caryophyllorum
1105 1746 1120 1770 ‚
1153 1727 1244 1756 cum
1277 1714 1404 1768 spiritu
1439 1713 1519 1753 vini
1554 1713 1687 1754 mistis.
1754 1712 1851 1753 Mu-

575 1776 858 1831 Jchenbroekius
905 1791 1053 1833 quoque
1085 1789 1198 1832 negat
1216 1809 1228 1828 ,
1275 1776 1310 1817 se
1341 1778 1381 1816 in
1413 1776 1504 1817 0160
1536 1774 1731 1818 Foeniculi
1763 1787 1851 1815 cum

587 1841 718 1893 spiritu
768 1843 850 1882 vini
883 1842 997 1882 misto
1030 1842 1248 1882 mutationis
1278 1839 1414 1892 aliquid
1452 1840 1586 1881 caloris
1634 1838 1852 1880 obseruaffe.

589 1901 702 1944 Idem
735 1905 892 1957 contigit
926 1906 965 1944 in
994 1904 1086 1945 oleo
1116 1903 1296 1945 stillatitio
1323 1900 1440 1943 Carui
1472 1916 1563 1944 cum
1599 1902 1723 1956 spiritu
1754 1901 1848 1942 vini.

591 1964 639 2008 In
671 1965 758 2007 oleo
792 1968 896 2008 Anisi
929 1980 1051 2009 vnum
1081 1969 1238 2022 gradum
1286 1966 1485 2007 obseruaffe
1524 1966 1591 2007 fibi
1638 1966 1730 2007 visus
1771 1964 1853 2015 est,

594 2030 660 2084 qui
695 2029 798 2069 facile
831 2030 896 2069 vel
927 2044 948 2071 a
982 2032 1195 2072 mutatione
1227 2029 1361 2071 caloris
1395 2031 1562 2083 externi,
1595 2029 1656 2070 vel
1681 2027 1854 2082 neglecta

597 2093 835 2135 adcuratione
866 2091 972 2148 supra
1003 2095 1175 2149 indicata,
1208 2093 1394 2151 proficisci·
1411 2094 1552 2150 potuit.
1601 2094 1730 2150 Quum
1750 2090 1854 2132 enim

1681 2153 1854 2209 phaeno-
