1972 2652
531 204 961 255 Prsc-JVMz
1281 220 1368 260 331

113 327 228 378 licet,
276 321 443 376 longiori
491 328 618 362 tamen
654 320 857 362 interuallo
888 332 910 360 a
942 318 978 359 se
1012 319 1174 360 inuicem
1204 320 1371 372 distant,

115 387 384 440 maioribusque
433 395 473 426 et
521 385 756 438 rigidioribus
805 383 996 437 praeditae
1030 383 1109 423 sunt
1141 386 1369 435 denticulis,

109 464 223 506 quam
263 462 360 502 eae,
413 461 507 503 quae
557 450 597 488 in
646 448 921 498 immaculata,
969 447 1151 487 albicante
1198 449 1373 502 corporis

110 527 216 570 parte
238 545 249 565 ,
287 514 334 554 sc.
366 513 589 566 inpediore
621 522 659 552 et
692 512 898 552 abdomine
919 540 931 560 ,
964 522 1177 550 occu‘runt.
1259 512 1371 551 Prae·

110 586 166 619 ter
196 578 262 619 has
293 589 468 618 verrucas
496 588 538 616 ac
571 576 727 629 papillas
760 575 929 615 barbulae
958 605 969 622 ,
1003 574 1079 613 siue
1111 574 1193 614 cirri
1228 578 1370 615 cuticu-

109 630 206 694 losi,
254 653 276 681 a
326 639 408 683 basi
433 641 556 693 apices
589 639 707 679 verius
743 638 871 677 sensim
904 637 1082 676 attenuati
1116 649 1158 677 ac
1187 638 1332 679 flexiles
1357 670 1369 690 ,

110 707 224 745 etiam
257 698 443 755 notandi,
476 703 538 755 qui
572 703 668 742 circa
702 713 772 751 os,
804 710 947 752 caput,
987 699 1134 738 dorsum
1158 732 1168 750 ‚
1218 702 1329 741 litera
1351 727 1364 751 ‚

109 768 207 808 dorsi
241 769 419 818 pinnam,
446 766 702 818 posticamque
730 763 925 814 pinnarum
955 762 1203 814 pectoralium
1231 763 1367 803 faciem

106 828 194 870 hinc
210 839 248 868 et
262 829 349 868 inde
367 828 520 868 obuiam
541 827 710 875 veniunt,
727 837 961 878 quorumque
980 827 1142 865 maximi
1162 827 1367 866 dimidium

107 892 310 947 pollicem,
335 890 488 948 minimi
517 889 659 929 lineam
680 889 853 940 circiter,
871 900 1104 942 exaequant,
1130 891 1166 929 in
1185 889 1304 943 pisce,
1322 891 1371 930 li-

110 955 218 1008 quoti
236 953 432 1003 immerso,
451 953 562 1005 longe
581 953 728 1005 melius,
741 964 805 1005 qua
814 965 851 992 m
872 962 977 992 extra
995 953 1119 1004 illum,
1137 953 1370 1006 conspitien-

101 1018 160 1058 di.
190 1014 318 1072 'Caput
333 1016 660 1069 cathetoplateum,
677 1018 829 1069 corpori
848 1016 945 1069 quasi
964 1016 1201 1068 immersum,
1215 1018 1372 1058 eodem-

103 1094 182 1135 que
215 1081 413 1134 angustius.
497 1079 552 1119 Os
583 1078 743 1119 clausum
777 1079 844 1119 situ
880 1079 1182 1131 perpendiculare
1205 1111 1217 1130 ,
1259 1080 1372 1120 semi—

106 1145 289 1185 circulare
331 1143 473 1183 ambitu
524 1153 566 1181 ac
601 1141 750 1181 simum.
847 1141 982 1183 Rietus
1015 1142 1088 1181 oris
1122 1142 1172 1182 sat
1205 1144 1370 1196 amplus.

109 1207 324 1253 Maximae,
359 1218 425 1246 ore
455 1203 604 1253 clauso,
638 1204 843 1257 aequales3
878 1216 1011 1256 aperto
1045 1214 1170 1246 autem
1204 1210 1336 1246 eodem
1356 1236 1369 1256 ,

109 1280 289 1323 quantum
325 1269 440 1317 licet,
490 1267 642 1305 inferior
675 1265 774 1306 resta
806 1268 1011 1307 antrorsnm
1050 1278 1089 1307 et
1118 1268 1370 1309 horizontali-

110 1343 166 1373 ter
199 1332 381 1385 produc‘la
402 1363 412 1381 ,
469 1340 556 1381 prae
591 1330 775 1380 luperiore
808 1330 912 1368 valde
945 1331 1099 1370 eminet.
1199 1332 1368 1383 Vtraque

107 1395 292 1445 maxilla,
344 1403 387 1432 vt
443 1394 481 1430 in
523 1390 640 1433 Gadis
672 1402 711 1430 et
745 1391 992 1445 Vranoscopis
1027 1394 1162 1434 lamina
1195 1394 1370 1436 instruerat

104 1458 156 1497 est
188 1458 316 1505 ossea,
367 1456 403 1494 in
441 1455 643 1494 medietate
678 1455 810 1494 latiore
845 1454 951 1508 septo
985 1455 1125 1504 diuisa,
1174 1459 1370 1500 denticulis

104 1519 396 1570 subcylindricis,
430 1519 617 1567 tenuibus,
649 1530 718 1558 nec
752 1520 960 1559 admodum
997 1522 1134 1571 acutis,
1168 1522 1367 1575 plurimis,

105 1586 308 1622 retrorlum
344 1581 593 1633 spectantibus
614 1610 625 1629 ,
678 1582 948 1634 introrsumque
983 1584 1094 1623 etiam
1130 1585 1337 1624 mobilibus
1360 1615 1372 1635 ‚

107 1645 237 1684 obsita.
303 1644 460 1682 Lauriiua
494 1643 667 1682 maxillae
702 1645 915 1695 inferioris,
973 1646 1136 1696 respee‘tu
1170 1648 1330 1686 ambitus
1354 1672 1366 1695 ,

108 1708 229 1759 magis
262 1706 420 1756 elliptica
443 1736 454 1753 ,
488 1719 599 1758 quam
632 1706 919 1747 semicircularis.
1002 1707 1147 1761 Margo
1180 1711 1397 1762 Vtriusque,

109 1770 273 1810 laminae
306 1769 459 1807 interior
493 1770 716 1809 rrembrana
761 1769 829 1809 lata
860 1796 870 1819 7
924 1771 1122 1812 introrsum
1175 1776 1367 1826 expanla,

108 1834 342 1873 terminatus.
411 1830 558 1870 Harum
592 1831 762 1872 inferiori
799 1833 945 1885 linguae
976 1836 1196 1875 extremitas
1210 1838 1369 1889 respon-

109 1896 171 1935 det
193 1926 206 1946 ,
242 1895 311 1935 lata
335 1924 348 1944 ,
398 1895 555 1941 obtulit,
603 1895 765 1935 albicans
795 1905 835 1935 et
867 1897 1105 1950 cartilaginea
1128 1926 1139 1947 ,
1186 1899 1368 1953 superiori

110 1971 206 1998 vero
241 1960 414 2010 vtrinque
450 1958 614 1997 laminae
649 1958 767 1998 osseae
790 1990 801 2010 ,
831 1959 1071 2000 denticulatae
1095 1991 1106 2010 ,
1138 1963 1250 2011 duae,
1287 1962 1367 2003 val-

107 2021 154 2062 de
210 2022 427 2074 ellipticae,
473 2021 611 2074 sibique
646 2023 858 2073 contiguae.
957 2023 1105 2065 Omnes
1134 2035 1295 2079 quatuor
1327 2028 1367 2067 in

110 2085 241 2139 palato
290 2085 466 2125 auteriori
515 2085 831 2126 lemicirculariter
880 2086 1105 2133 distributae.
1198 2088 1366 2132 Dorium

111 2148 259 2204 linguae
292 2148 449 2203 griseum
471 2180 482 2202 ‚
514 2148 561 2190 ab
593 2149 832 2192 extremitate
863 2150 937 2194 sinu
966 2152 1179 2198 diffinitum
1201 2184 1213 2206 ,
1241 2154 1365 2194 tuber·

754 2212 792 2253 T
811 2223 827 2253 t
859 2226 883 2252 2
1254 2216 1363 2256 culis·
