1972 2652
308 280 648 329 ZAPIDIS
690 278 1201 332 NEPHRITICI.
1286 283 1380 339 '535

120 403 364 453 'gemmarum
398 398 484 440 Lib.
523 411 564 439 2.
598 397 696 454 Cap.
731 403 805 440 60.
841 401 1008 454 lapidem
1041 399 1290 453 nephriticum
1312 412 1385 454 pro

129 462 460 516 Smaragdoprafio
493 462 621 518 habet,
656 465 853 516 ambiguus
871 475 995 504 tamen
1015 464 1083 512 cst,
1115 475 1239 503 annon
1259 464 1385 517 potius

127 538 213 566 cum
245 525 370 579 lapide
402 529 651 568 Amazonum
685 537 722 566 et
756 526 928 567 Chlorite
966 525 1072 567 Plinii
1122 538 1214 566 vnus
1262 527 1387 568 idem-

128 601 199 643 que
244 589 301 629 fit.
401 584 617 644 Reliquum
669 590 736 642 ipsi
788 591 1004 643 complures
1053 589 1387 630 medicamentosas

126 652 225 693 vires
256 651 395 693 tribuit.
481 652 580 706 Cap.
622 658 720 694 108.
758 652 901 704 Iaspide
936 653 1128 694 duriorem
1169 652 1387 706 nullamque

126 715 330 768 polituram
366 709 630 757 admittentem
653 748 664 767 ,
712 714 913 768 perlubet,
956 721 1003 754 'et
1032 713 1129 768 Cap.
1163 718 1270 766 109.
1311 716 1388 756 eius

116 779 284 831 'patriam
318 778 542 820 Americam
566 810 579 826 ‚
626 773 848 831 ¹Hispaniam
871 808 884 829 5
938 775 1171 818 Boherniam
1222 779 1387 831 aliasque

113 840 293 892 ‘regiones
331 842 469 880 afferit.
565 842 630 881 Ex
673 841 960 893 quoconstat,
1003 850 1046 881 vt
1082 839 1179 881 mihi
1213 840 1386 893 equidem

114 902 340 956 persuadeo,
375 903 543 955 lapidem
576 902 744 944 nostrum
781 916 967 956 nunquam
1001 905 1048 945 ab
1078 917 1127 944 eo
1161 902 1275 944 visum
1298 903 1386 943 fuis-

114 965 174 1006 se.
247 964 401 1018 Lemeify
433 966 472 1005 in
506 960 745 1008 Didtionaire
779 967 825 1006 de
858 967 1038 1020 Drogues
1069 981 1109 1021 p.
1150 971 1253 1018 295.
1288 967 1387 1020 lapi-

111 1029 212 1069 ⁴dem
239 1029 501 1082 'nephriticum
527 1038 585 1071 ‘ex
618 1028 799 1072 America
830 1040 869 1070 et
903 1026 1090 1072 Boliemia
1121 1032 1166 1072 ad
1212 1043 1282 1072 nos
1333 1028 1387 1070 af-

111 1090 208 1131 ‘ferri
242 1092 379 1145 refert,
433 1093 632 1148 multisque
664 1094 829 1133 laudibus
862 1097 939 1135 eius
973 1094 1067 1133 vires
1100 1093 1235 1143 effert,
1288 1092 1385 1145 lapi-

112 1154 289 1207 demque
318 1160 414 1195 ‘vere
446 1155 638 1203 diuinum,
672 1153 790 1194 Gallis
819 1157 942 1209 pierre
974 1156 1100 1196 divine
1121 1187 1132 1207 ‚
1165 1155 1237 1194 effe
1256 1186 1268 1206 ,
1303 1166 1387 1194 cer-

114 1216 259 1257 'tiffime
298 1217 430 1257 credit.
494 1217 565 1258 Ast
605 1218 684 1270 quis
725 1229 801 1273 non
843 1220 974 1264 videt,
1010 1219 1133 1258 virum
1168 1216 1386 1258 Celeberri-

113 1285 230 1321 'mum
256 1272 430 1332 ‘lapidem
461 1280 744 1332 Amazonum,
775 1272 865 1321 Iade
884 1311 894 1331 ,
931 1292 1044 1334 quem
1081 1278 1186 1322 Galli
1219 1281 1385 1321 nomine

113 1339 246 1399 pierre
275 1343 402 1384 divine
433 1342 660 1394 insigniunt,
712 1354 800 1384 cum
834 1344 962 1384 nostro
996 1343 1248 1391 confundere,
1300 1343 1383 1384 nul-

116 1406 195 1445 lum
227 1407 333 1445 enim
366 1417 530 1458 vnquam
566 1416 701 1445 verum
735 1406 994 1459 nephriticum
1027 1418 1078 1444 ex
1113 1406 1294 1446 America
1328 1405 1387 1446 al-

107 1460 232 1506 'latum
270 1468 490 1517 audiui,aut
523 1467 570 1507 ab
602 1467 815 1509 auctoribus
848 1469 1009 1510 relatum
1043 1469 1133 1522 legi.
1200 1467 1324 1511 Pomet
1342 1469 1383 1509 in

107 1524 282 1570 ‘Histoire
313 1530 360 1570 de
394 1529 572 1584 Drogues
604 1529 711 1571 Parte
747 1535 788 1579 3.
824 1545 913 1586 pag.
954 1543 1053 1581 104.
1092 1533 1262 1586 lapidem
1313 1543 1384 1572 ne-

106 1590 316 1647 'phriticum
347 1594 517 1645 gryseum
550 1594 716 1646 appellat
747 1594 1122 1653 subcot’ruleumqtoe,⁴
1149 1605 1189 1635 et
1223 1598 1276 1636 ex
1309 1607 1381 1635 no-

114 1667 163 1695 va
195 1654 370 1707 Hispania
391 1654 558 1712 ¹allatum
578 1686 590 1707 ,
640 1655 872 1710 figuramque
901 1658 1029 1710 capitis
1076 1650 1239 1697 aniculae
1287 1658 1381 1696 refe·

115 1726 280 1758 rentem.
389 1714 609 1759 Valentinus
667 1720 705 1758 in
765 1719 899 1760 Museo
941 1716 1162 1761 Muscorum
1213 1733 1252 1774 p.
1305 1727 1379 1771 44.

113 1780 255 1821 ‘multas
287 1779 446 1819 virtutes
478 1780 561 1820 huic
594 1781 711 1833 lapidi
741 1783 870 1823 'tribuit
893 1815 905 1835 ,
958 1782 1179 1836 infimulque
1213 1793 1346 1823 monet
1366 1806 1381 1834 v,

115 1856 164 1884 ne
196 1843 276 1895 quis
304 1843 371 1883 fibi
407 1842 493 1882 loco
524 1836 726 1896 “ne'p‘hritici
759 1845 892 1898 lapidis
923 1847 1172 1887 Malachitem
1216 1846 1380 1887 substitui

115 1906 290 1961 patiatur.
355 1904 428 1946 Sed
458 1900 532 1946 ‘hac
565 1906 832 1948 admonitione
864 1908 968 1950 facile
1001 1909 1232 1963 supersedere
1265 1919 1380 1963 pote-

114 1979 204 2022 ταῖς
255 1975 401 2011 tantum
457 1982 562 2010 enim
617 1969 869 2012 Malachitem
910 1975 1010 2014 inter
1038 1980 1076 2015 et
1111 1974 1276 2027 lapidem
1310 1985 1378 2013 ne-

113 2033 317 2087 ·phriticum
353 2033 500 2073 interest
533 2033 732 2074 discrimen
754 2067 766 2088 .‚
807 2045 852 2076 vt
883 2049 959 2077 non
994 2038 1059 2079 nisi
1091 2038 1273 2090 imperito
1304 2038 1375 2077 im-

116 2097 209 2150 poni
241 2096 351 2150 poffit
373 2128 384 2150 ‚
415 2097 469 2136 vti
501 2097 534 2146 §.
578 2111 619 2138 1.
654 2099 810 2139 iamiam
843 2100 996 2154 exposui
1024 2134 1035 2152 ,
1069 2106 1110 2140 'et
1137 2108 1226 2141 ‘ante
1260 2102 1374 2141 trien-

115 2159 225 2200 nium
263 2160 492 2200 Academiae
523 2160 734 2202 Elee’torali
763 2161 1015 2217 Moguntinae
1047 2165 1085 2203 in
1119 2163 1372 2205 dissertatione

112 2220 161 2265 de
195 2223 411 2267 Molochite
443 2222 556 2267 Plinii
586 2234 621 2266 et
660 2228 902 2280 generatione
951 2228 1176 2270 minerarum
1228 2225 1373 2266 striata.

730 2287 764 2329 C
782 2302 803 2330 c
822 2302 843 2330 c
876 2298 900 2331 2
1282 2290 1370 2327 ‘rum
