1972 2652
539 180 655 232 *⁶223ss
688 178 702 236 )
738 193 763 222 0
798 178 813 227 (
847 179 962 231 ἓέ-ἐθ·
1351 190 1379 230 7

115 298 248 336 tentae
281 293 459 349 exprimi
491 301 650 348 queant.
717 294 829 351 Quin
874 293 1009 347 potius
1061 300 1260 347 praeterea
1310 292 1384 332 in*

113 358 377 400 numerabilia
408 356 485 399 alia
518 359 793 412 quantitatum
820 358 1185 399 transcendentium
1211 369 1385 409 genera,

114 430 202 467 tam
231 423 337 464 inter
372 423 408 464 se
440 434 562 476 quam
595 423 641 464 ab
670 422 752 463 illis
781 435 833 463 ex
865 423 1015 465 circulo
1048 431 1089 462 et
1116 420 1379 474 logarithmis

112 486 213 526 natis
245 488 422 528 maxime
438 487 719 542 discrepantia,
744 488 900 540 agnosci
932 495 1116 541 oportet3
1152 487 1258 531 inter
1276 497 1377 539 quae

112 550 367 603 potissimum
400 554 531 592 notari
566 561 774 593 merentur
815 564 857 591 ea
880 582 891 603 ‚
944 563 1045 606 quae
1085 561 1137 590 ex
1176 549 1378 591 rectifica-

112 612 222 654 tione
253 615 464 671 ellipfium
499 625 544 656 et
581 615 904 668 hyperbolarum
944 613 1149 662 originem
1189 613 1346 652 ducunt
1366 641 1383 662 „

110 687 325 731 propterea
349 680 456 733 quod
483 678 559 717 hae
585 691 734 717 curuae
761 678 847 730 post
873 675 1080 715 circulum
1104 675 1195 715 sunt
1221 675 1377 716 notiffi-

111 753 201 780 mae
218 752 259 779 et
279 740 469 779 facillime
495 740 779 780 describuntur.
826 740 1209 796 Quomodocunque
1235 750 1378 780 autem

107 811 191 842 tam
210 803 252 842 in
269 802 400 856 ellzpfi
420 818 431 853 ς
465 816 588 857 quam
608 803 831 857 hyperbola
849 816 964 844 arcus
982 803 1254 844 rescindantur
1268 835 1278 855 ,
1306 816 1375 845 eo-

104 878 203 907 rum
233 869 440 921 quantitas*
472 881 553 908 non
586 869 720 909 solum
762 867 890 909 nullis
924 866 1113 910 formulis
1158 870 1376 910 irrationa-

102 929 207 971 libus
238 932 510 985 exprimi,sed
543 935 667 975 etiam
702 934 819 974 nullo
853 935 977 976 modo
1011 945 1140 986 neque
1172 933 1220 973 ad
1260 944 1375 973 arcus

102 995 313 1036 circulares
356 1009 483 1051 neque
524 998 571 1038 ad
623 997 896 1049 logarithmos
945 999 1128 1039 reuocari
1185 995 1381 1052 poss‘untx:

101 1061 200 1113 quin
233 1063 358 1101 etiam
393 1060 541 1112 {iuguli
575 1075 688 1103 arcus
725 1072 808 1104 tam
842 1062 1015 1117 elliptici
1050 1074 1178 1116 quam¹
1218 1061 1374 1116 hyper-

102 1121 221 1159 bolici
255 1123 473 1172 peculiares
506 1126 748 1172 quantitates
789 1126 1107 1165 transcendentes
1149 1125 1340 1165 exhibent
1362 1153 1381 1174 ,,

102 1181 297 1235 quoniam
328 1193 378 1220 ne
412 1183 517 1221 inter
550 1181 589 1221 se
621 1184 818 1236 quidem„
848 1184 922 1223 nifi
957 1185 1198 1238 pauciffimis
1223 1186 1374 1225 casibus

100 1245 277 1297 exceptis
298 1274 313 1295 ,
339 1246 568 1297 comparariv
601 1246 778 1300 possunt..
840 1247 906 1288 Ad
942 1246 1252 1291 innumerabilia
1294 1246 1372 1287 alia

100 1317 238 1349 autem
279 1317 556 1362 quantltatum
598 1312 961 1351 transcendentium
1004 1325 1148 1358 genera
1191 1309 1377 1352 calculus.

98 1371 302 1425 integralis
337 1374 544 1427 perducit,
576 1373 675 1413 dum
709 1371 903 1412 omnibusv
936 1369 1124 1414 formuliS
1156 1371 1370 1423 integrali-

97 1435 200 1488 bus,
241 1449 420 1491 quarum
468 1438 687 1488 integratio
720 1434 934 1487 al'gebraice
974 1436 1154 1490 expediri
1190 1436 1332 1490 nequit
1355 1467 1374 1488 ‚,

99 1510 227 1542 certae
258 1501 499 1552 quantitates
534 1500 846 1540 transcendentes
880 1499 1164 1551 designantur,
1202 1502 1245 1541 in
1265 1513 1368 1554 qua-

99 1575 195 1605 rum
227 1572 369 1603 natura
401 1562 625 1604 euoluenda
657 1564 847 1605 industria
882 1574 922 1605 et
953 1565 1136 1617 sagacitas
1167 1565 1365 1616 analysta-

99 1640 195 1669 rum
229 1628 408 1668 maxime
437 1628 628 1669 cernitur.
703 1628 814 1670 Cum
867 1629 1000 1681 igitur·
1040 1643 1147 1671 nunc
1194 1629 1366 1683 quidem

98 1692 148 1734 fit
178 1701 438 1746 compertum
471 1705 610 1734 omnes
644 1692 880 1734 huiusmodi
916 1694 1113 1736 formulas
1147 1692 1363 1746 integrales

84 1756 229 1811 sde
250 1786 262 1805 ,
293 1755 324 1796 fi
359 1757 398 1796 V
429 1757 554 1794 fuerit
587 1757 744 1794 functio
774 1755 979 1794 rationalis
1014 1758 1137 1810 ipsius
1171 1770 1224 1807 x,
1256 1758 1364 1798 sem·-

97 1830 171 1873 per
206 1829 276 1868 per
308 1816 580 1873 logarithmos
610 1825 650 1855 et
675 1829 786 1858 arcus
812 1816 1026 1857 circulares
1044 1819 1219 1872 exprimi
1241 1819 1363 1872 posse,

96 1881 170 1922 nifi
203 1879 305 1920 forte
336 1879 597 1931 algebraicam
633 1881 943 1932 integrationem
977 1883 1225 1923 admittant:
1260 1884 1361 1923 arti·

95 1943 185 1986 ficia
220 1943 444 1994 integrandi
480 1956 555 1999 pro
588 1944 637 1984 iis
667 1945 837 1995 casibus,
871 1947 1013 1999 quibus
1048 1947 1087 1988 V
1120 1947 1174 1987 est
1204 1947 1360 1988 functio

94 2005 335 2050 irrationalis
370 2006 493 2062 ipsius
527 2021 557 2049 x
587 2007 719 2050 adhuc
756 2010 1009 2064 potissimum
1051 2010 1358 2064 desiderantur,

92 2073 160 2114 vbi
194 2071 360 2125 quidem
395 2072 436 2113 id
478 2074 685 2127 imprimis
737 2073 832 2116 effet
882 2076 1108 2131 optandum
1133 2106 1144 2127 ,
1191 2084 1238 2117 vt
1288 2087 1357 2116 eae

92 2134 290 2181 formulae
310 2165 325 2190 ‚
353 2136 497 2192 quibus
530 2138 571 2179 V
602 2139 654 2182 est
685 2141 888 2197 quantitas
920 2139 1165 2184 irrationalis
1186 2171 1198 2193 ‚
1236 2151 1355 2181 accu-

1225 2214 1355 2246 ratius
