1972 2652
558 187 649 230 ms
765 180 1673 248 OBSERVATzoNEs·

561 297 744 356 afficere,
783 298 878 351 quafi
912 308 1004 337 vere
1034 295 1178 350 ade-ffet
1210 298 1407 341 obiectum
1440 308 1549 342 extra
1582 299 1767 351 oculum,
1797 310 1829 347 a,

561 376 639 417 quo
671 363 805 403 reflexi
833 360 927 401 lucis
971 360 1064 400 radii
1117 362 1311 405 ac‘tionem
1343 364 1383 405 in
1416 377 1554 406 neruos
1586 373 1824 405 exercerent.

560 426 707 482 Quodsi
739 425 814 464 hoc
833 456 846 476 ,
896 425 1024 477 prouti
1057 437 1171 478 quam
1205 428 1378 469 maxime
1407 428 1559 469 euidens
1585 460 1598 480 ‚
1637 428 1826 482 suppona-

561 501 646 530 mus
670 518 681 538 ,
712 487 935 530 concludere
967 487 1148 531 debemus
1171 501 1232 533 aex
1262 491 1583 533 obseruatiOnibus
1607 499 1724 532 ,antea
1758 503 1829 532 ex-

557 551 683 608 positis
1712 560 1714 562 '

679 616 722 661 1]
758 613 1050 670 Impreffionem
1103 627 1126 657 a
1171 617 1285 659 radiiS
1328 616 1426 660 lucis
1473 615 1832 660 vehementioribus

557 680 769 722 excitatam
790 712 802 733 ,
834 678 1028 734 postquam
1054 680 1158 721 actio
1190 682 1266 736 ipsa
1297 681 1462 734 cessauit,
1492 682 1646 723 transire
1679 682 1718 722 in
1753 681 1832 722 im-

558 743 787 798 preffionem
819 743 1010 783 radiorum
1042 742 1230 786 fiauorum
1252 773 1265 795 ‚
1315 745 1415 786 hanc
1449 747 1489 786 in
1519 737 1605 786 eam
1636 746 1828 785 radiorum

557 807 745 847 viridium
770 839 781 859 ,
827 805 999 860 hancque
1039 807 1192 849 tandem
1225 808 1265 848 in
1296 819 1383 848 eam
1407 840 1418 860 ,
1466 821 1579 861 quam
1613 808 1706 847 radii
1739 819 1829 848 coe-

558 869 649 911 rulei
681 870 890 925 producere
921 868 1009 910 alitis
1040 870 1158 911 solent
1177 903 1188 923 ‚
1234 871 1272 913 id
1305 870 1392 922 est,
1428 882 1564 911 neruos
1598 869 1796 911 succeffiue
1815 899 1830 922 ,

560 931 728 975 cessante
760 933 956 975 radiorum
992 933 1166 974 alborum
1198 935 1347 976 actione
1366 965 1378 986 ,
1432 934 1472 974 in
1505 946 1597 975 eum
1649 935 1830 975 deuenire

560 996 697 1038 statum
720 1025 731 1047 ,
763 1009 875 1050 quem
907 997 999 1037 flaui
1017 1028 1030 1050 ‚
1064 997 1202 1039 virides
1226 1025 1239 1050 ,
1295 997 1530 1052 coeruleique
1561 997 1655 1038 radii
1686 997 1831 1054 impria

555 1071 663 1102 mere
696 1061 784 1112 ipsis
817 1059 950 1100 solent.
1430 1096 1433 1099 ,

679 1129 722 1186 2)
754 1129 1045 1184 Impresfionem
1079 1138 1102 1173 a
1136 1131 1262 1173 coiore
1294 1129 1564 1185 albo'parietis
1593 1136 1658 1171 aut·
1685 1130 1831 1174 tabuiae

561 1193 758 1236 dealbatae
808 1195 1027 1236 {excitatam
1057 1225 1071 1247 ‚
1126 1195 1381 1250 compositam
1425 1208 1516 1236 cum
1574 1194 1833 1249 impressione,

561 1270 660 1310 quae
697 1259 850 1298 debetur
878 1258 999 1297 colori
1033 1259 1162 1310 flauo,
1217 1259 1329 1299 viridi
1363 1268 1471 1312 atque
1503 1259 1711 1311 commeo,
1761 1271 1830 1312 ge-

564 1332 696 1359 nerare
735 1321 895 1360 eandem
946 1321 1228 1373 impreffionem
1252 1355 1265 1376 .‚
1312 1335 1426 1376 quam
1474 1324 1656 1363 brunneus
1697 1323 1832 1364 minus

561 1383 759 1436 magisque
792 1384 831 1422 in
862 1382 1015 1423 rubrum
1049 1396 1206 1436 vergens
1236 1385 1345 1424 color
1378 1385 1583 1435 producere
1620 1385 1724 1423 soiet.

681 1464 724 1517 3)
759 1463 1055 1517 Impresi'ionem
1090 1465 1136 1505 ab
1169 1465 1336 1517 imagine
1367 1460 1471 1503 Solis
1504 1464 1541 1502 in
1573 1463 1674 1502 oculi
1707 1461 1827 1502 fundo

560 1526 700 1569 {hetam
719 1556 729 1570 ‚
760 1529 792 1567 se
834 1528 1077 1568 circumcirca
1129 1528 1294 1581 partibus
1342 1527 1492 1566 tunicae
1522 1526 1663 1566 retinae
1693 1526 1828 1578 proxi-

559 1602 628 1632 me
677 1591 958 1641 adiacentibus,
1006 1591 1053 1630 ad
1088 1603 1176 1644 quas
1211 1592 1341 1642 imago
1389 1589 1467 1640 ipsa
1497 1599 1576 1628 non
1612 1588 1827 1640 pertingit,-

561 1654 876 1703 communicare,
922 1665 1082 1706 eamque
1134 1654 1220 1706 ipsis
1262 1653 1485 1704 imprimere
1535 1650 1826 1704 mutationem,

562 1729 657 1770 quae
709 1716 798 1758 alias
851 1716 962 1757 radiis
1012 1717 1164 1758 rubrum
1197 1716 1369 1757 colorem
1413 1712 1709 1769 producentibus
1756 1712 1827 1753 de-

554 1779 676 1822 betur.

681 1847 728 1894 4)
756 1844 1052 1898 impressionem
1079 1844 1183 1886 'hanc
1223 1855 1322 1884 cum
1371 1853 1446 1894 ea,
1496 1853 1617 1895 quam
1669 1845 1827 1895 generat

560 1902 714 1960 'parietis
747 1919 807 1948 aut
839 1910 985 1957 tabulae
1019 1909 1125 1948 color
1158 1908 1258 1948 altus
1279 1937 1292 1957 ,
1343 1906 1600 1959 compositam
1623 1937 1634 1958 ‚
1683 1906 1826 1960 produ-

561 1981 648 2010 cere
681 1971 965 2023 impreffionem
1000 1973 1176 2013 coeruleo
1195 1970 1326 2015 colori
1360 1970 1545 2009 debitam.

717 2052 942 2094 Admodum
976 2056 1141 2096 notabile
1173 2054 1237 2095 hic
1261 2053 1454 2102 inuenio,
1505 2050 1609 2102 quod
1641 2050 1679 2090 in
1711 2047 1825 2090 coio-

559 2115 664 2160 ribus
690 2116 748 2160 his
777 2118 1064 2161 accidentalibus
1094 2119 1274 2166 „similiter
1306 2116 1453 2175 prorsus
1471 2147 1483 2171 ,
1515 2124 1560 2157 vt
1591 2115 1633 2157 in
1662 2113 1824 2217 realaeiibu}

1767 2185 1821 2217 en
