1972 2652
516 278 631 330 ”803
659 272 673 330 )
708 285 736 316 0
769 272 785 330 (
819 273 937 327 &new
1289 282 1379 324 ³81

543 384 935 432 HISTORIA

707 462 786 502 ΕΤ

401 537 694 584 EXAMEN
729 531 1098 579 CHYM1CVM

248 621 619 685 LAPIDIS
696 615 1259 681 NEPHRITICI'.

649 756 861 799 Austore

307 863 448 906 121.
507 861 558 904 G.
622 855 1189 904 LEHMANNO.

685 978 722 1027 §-
780 986 815 1015 ι.

120 1041 427 1181 Historiam
478 1077 684 1120 naturalem
737 1087 776 1119 et
826 1078 997 1133 inprimss
1026 1078 1131 1132 regni
1163 1077 1392 1130 mineralis;

297 1144 507 1185 innumeris
538 1141 660 1181 adhuc
694 1142 830 1182 scatere
862 1142 1025 1182 tenebris
1050 1170 1062 1190 ‚
1111 1141 1393 1195 amphiboliis,

121 1208 357 1261 praeiudiciis
386 1214 427 1244 et
459 1203 677 1244 fic'tionibus
696 1233 708 1254 ‚
748 1216 867 1244 nemo
899 1205 952 1244 est
983 1216 1096 1257 quem
1137 1205 1254 1257 fugiat
1276 1236 1287 1258 ,
1329 1204 1392 1257 qm

124 1271 187 1310 vel
219 1269 404 1310 extremis
425 1298 438 1318 ‚
472 1265 573 1319 qnod
607 1266 712 1305 aiunt
740 1265 878 1316 labiis,
928 1266 1005 1307 hoc
1037 1266 1142 1308 studii
1172 1280 1291 1321 genus
1322 1267 1393 1308 de-

121 1333 289 1387 gustauit.
372 1329 679 1371 Fundamentum
718 1330 895 1370 omnium
929 1330 1071 1370 horum
1106 1343 1279 1371 errorum
1333 1331 1392 1370 di-

120 1394 229 1435 versis
261 1393 460 1435 rationibus
492 1391 696 1441 innititur,
749 1405 908 1445 quarum
953 1391 1149 1432 nonnullas
1187 1392 1250 1433 hic
1301 1404 1392 1435 enu-

121 1470 269 1498 memre
292 1488 311 1511 ‚r
337 1468 414 1495 non
447 1455 510 1494 abs
544 1466 582 1493 re
613 1454 692 1494 sore
712 1483 725 1507 ,
762 1454 858 1495 mihi
892 1455 1067 1509 equidem
1101 1455 1263 1496 videtur.

270 1549 435 1593 Primam
469 1551 682 1605 suppeditat
715 1551 985 1604 praeiudicium
1029 1551 1255 1592 austeritatis
1283 1583 1295 1606 ‚
1330 1551 1392 1592 cui

121 1615 341 1668 complures
373 1616 424 1654 ita
460 1614 540 1653 sunt
574 1615 745 1664 addiffi,
779 1625 821 1654 vt
855 1627 931 1653 non
968 1627 1039 1667 pro
1074 1616 1172 1655 vitio
1223 1624 1389 1664 tantum,

122 1690 255 1716 verum
276 1689 345 1729 pro
366 1685 522 1728 peccato
542 1676 725 1727 habeant,
762 1677 807 1716 de
839 1677 958 1717 effitis
990 1687 1168 1717 veterum
1205 1677 1395 1730 dubitare,

124 1739 269 1778 nedum
301 1739 355 1778 eis
387 1740 660 1780 contradicere.
732 1740 906 1783 Rationis
937 1739 1148 1780 sufficientis
1182 1740 1290 1780 omni
1325 1751 1394 1781 ex·

125 1801 304 1855 ceptione
339 1802 495 1840 maioris
525 1803 654 1842 locum
686 1812 817 1843 tenet:
859 1803 966 1854 „Sic
996 1804 1091 1843 iubet
1124 1803 1266 1845 diuinus
1305 1802 1396 1845 Pla-

128 1873 213 1917 ‚,t0‚
232 1865 292 1918 fic
325 1862 562 1920 Aristoteles,
601 1864 763 1915 Plinius,
800 1866 964 1918 Cordus,
999 1867 1266 1910 Aldrouandus
1284 1873 1394 1919 eta„
1439 1868 1441 1871 ’

127 1939 164 1968 et
196 1928 308 1981 quis,
345 1927 549 1968 secundum
583 1940 718 1969 eorum
754 1929 977 1972 sententiam
998 1962 1009 1982 ‚
1065 1932 1200 1972 audeat
1235 1933 1282 1971 de
1314 1940 1419 1980 tan-¹

129 2002 254 2031 torum
295 1991 463 2033 virorum
499 1991 575 2032 fide
610 1993 794 2047 dubitare,
829 2004 894 2033 aut
927 2006 1060 2034 eorum
1092 1995 1204 2036 effata
1240 1995 1277 2035 in
1311 2006 1397 2034 am-

131 2055 287 2108 bignum
323 2067 473 2096 vocare.
558 2053 840 2098 Consentientes
889 2068 1141 2112 veterumque
1197 2057 1397 2113 opiniones

129 2119 385 2171 approbantes
407 2151 418 2170 ,
450 2120 475 2160 fi
506 2132 654 2174 quoque
689 2123 920 2162 recentiores
971 2122 1172 2175 magnique
1230 2121 1400 2163 nominis

131 2182 235 2223 viros
268 2183 489 2238 reperiant,
521 2195 612 2238 quae
642 2184 714 2225 illis
746 2184 881 2226 fiducia
921 2182 1076 2228 causae?
1112 2186 1170 2227 cui
1214 2185 1396 2226 infistunt.

701 2277 818 2322 Bbb
854 2294 877 2332 3
1316 2277 1398 2318 Aut
