<?xml version="1.0" encoding="UTF-8"?>
<!DOCTYPE html PUBLIC "-//W3C//DTD XHTML 1.0 Transitional//EN"
    "http://www.w3.org/TR/xhtml1/DTD/xhtml1-transitional.dtd">
<html xmlns="http://www.w3.org/1999/xhtml" xml:lang="en" lang="en">
 <head>
  <title>
</title>
<meta http-equiv="Content-Type" content="text/html;charset=utf-8" />
  <meta name='ocr-system' content='tesseract 3.04.00' />
  <meta name='ocr-capabilities' content='ocr_page ocr_carea ocr_par ocr_line ocrx_word'/>
</head>
<body>
  <div class='ocr_page' id='page_1' title='image "./novicommentariac10impe_0530.png"; bbox 0 0 1972 2652; ppageno 0'>
   <div class='ocr_carea' id='block_1_1' title="bbox 537 241 1501 306">
    <p class='ocr_par' dir='ltr' id='par_1_1' title="bbox 537 241 1501 306">
     <span class='ocr_line' id='line_1_1' title="bbox 537 241 1501 306; baseline -0.006 -10"><span class='ocrx_word' id='word_1_1' title='bbox 537 265 630 306; x_wconf 74' lang='lat'>442</span> <span class='ocrx_word' id='word_1_2' title='bbox 859 248 977 293; x_wconf 86' lang='lat' dir='ltr'>DE</span> <span class='ocrx_word' id='word_1_3' title='bbox 1040 241 1501 293; x_wconf 82' lang='lat' dir='ltr'><em>EFFECTV</em></span> 
     </span>
    </p>
   </div>
   <div class='ocr_carea' id='block_1_2' title="bbox 355 355 1836 2129">
    <p class='ocr_par' dir='ltr' id='par_1_2' title="bbox 537 355 1812 862">
     <span class='ocr_line' id='line_1_2' title="bbox 539 355 1803 416; baseline -0.006 -8"><span class='ocrx_word' id='word_1_4' title='bbox 539 366 569 408; x_wconf 82' lang='lat' dir='ltr'><strong>fi</strong></span> <span class='ocrx_word' id='word_1_5' title='bbox 600 365 692 406; x_wconf 82' lang='lat' dir='ltr'>haec</span> <span class='ocrx_word' id='word_1_6' title='bbox 725 363 961 416; x_wconf 74' lang='lat' dir='ltr'>comparatio</span> <span class='ocrx_word' id='word_1_7' title='bbox 989 361 1230 413; x_wconf 80' lang='lat' dir='ltr'>instituatur,</span> <span class='ocrx_word' id='word_1_8' title='bbox 1279 359 1344 400; x_wconf 81' lang='lat' dir='ltr'>vel</span> <span class='ocrx_word' id='word_1_9' title='bbox 1373 361 1476 402; x_wconf 85' lang='lat' dir='ltr'>enim</span> <span class='ocrx_word' id='word_1_10' title='bbox 1513 359 1613 402; x_wconf 83' lang='lat' dir='ltr'>Dfin</span> <span class='ocrx_word' id='word_1_11' title='bbox 1639 355 1684 412; x_wconf 80' lang='grc' dir='ltr'>Φ</span> <span class='ocrx_word' id='word_1_12' title='bbox 1715 368 1803 402; x_wconf 85' lang='lat' dir='ltr'>tan-</span> 
     </span>
     <span class='ocr_line' id='line_1_3' title="bbox 539 424 1802 479; baseline -0.005 -8"><span class='ocrx_word' id='word_1_13' title='bbox 539 439 624 471; x_wconf 90' lang='lat' dir='ltr'>tum</span> <span class='ocrx_word' id='word_1_14' title='bbox 660 428 711 467; x_wconf 88' lang='lat' dir='ltr'>est</span> <span class='ocrx_word' id='word_1_15' title='bbox 733 457 744 476; x_wconf 83' lang='lat'>,</span> <span class='ocrx_word' id='word_1_16' title='bbox 777 436 820 465; x_wconf 88' lang='lat' dir='ltr'>vt</span> <span class='ocrx_word' id='word_1_17' title='bbox 852 427 930 465; x_wconf 87' lang='lat' dir='ltr'>eius</span> <span class='ocrx_word' id='word_1_18' title='bbox 962 425 1062 466; x_wconf 85' lang='lat' dir='ltr'>ratio</span> <span class='ocrx_word' id='word_1_19' title='bbox 1087 426 1135 466; x_wconf 83' lang='lat' dir='ltr'>ad</span> <span class='ocrx_word' id='word_1_20' title='bbox 1165 424 1314 465; x_wconf 86' lang='lat' dir='ltr'>radium</span> <span class='ocrx_word' id='word_1_21' title='bbox 1350 433 1472 466; x_wconf 81' lang='lat' dir='ltr'>terrae</span> <span class='ocrx_word' id='word_1_22' title='bbox 1505 437 1577 479; x_wconf 91' lang='lat' dir='ltr'>pro</span> <span class='ocrx_word' id='word_1_23' title='bbox 1609 424 1802 477; x_wconf 78' lang='lat' dir='ltr'>inaffigna-</span> 
     </span>
     <span class='ocr_line' id='line_1_4' title="bbox 539 488 1811 543; baseline -0.004 -9"><span class='ocrx_word' id='word_1_24' title='bbox 539 494 601 535; x_wconf 86' lang='lat' dir='ltr'>bili</span> <span class='ocrx_word' id='word_1_25' title='bbox 633 490 765 531; x_wconf 76' lang='lat' dir='ltr'>haberi</span> <span class='ocrx_word' id='word_1_26' title='bbox 798 498 938 542; x_wconf 80' lang='lat' dir='ltr'>queat,</span> <span class='ocrx_word' id='word_1_27' title='bbox 985 498 1046 529; x_wconf 85' lang='lat' dir='ltr'>aut</span> <span class='ocrx_word' id='word_1_28' title='bbox 1078 501 1290 543; x_wconf 79' lang='lat' dir='ltr'>quanquam</span> <span class='ocrx_word' id='word_1_29' title='bbox 1323 488 1417 528; x_wconf 84' lang='lat' dir='ltr'>haec</span> <span class='ocrx_word' id='word_1_30' title='bbox 1450 490 1546 530; x_wconf 80' lang='lat' dir='ltr'>ratio</span> <span class='ocrx_word' id='word_1_31' title='bbox 1574 489 1617 529; x_wconf 82' lang='lat' dir='ltr'>sit</span> <span class='ocrx_word' id='word_1_32' title='bbox 1651 489 1811 541; x_wconf 71' lang='lat' dir='ltr'>assigna-</span> 
     </span>
     <span class='ocr_line' id='line_1_5' title="bbox 538 552 1806 606; baseline -0.003 -11"><span class='ocrx_word' id='word_1_33' title='bbox 538 557 654 604; x_wconf 82' lang='lat' dir='ltr'>bilis,</span> <span class='ocrx_word' id='word_1_34' title='bbox 689 563 817 592; x_wconf 81' lang='lat' dir='ltr'>tamen</span> <span class='ocrx_word' id='word_1_35' title='bbox 853 553 906 593; x_wconf 86' lang='lat' dir='ltr'>est</span> <span class='ocrx_word' id='word_1_36' title='bbox 937 552 1056 593; x_wconf 83' lang='lat' dir='ltr'>adhuc</span> <span class='ocrx_word' id='word_1_37' title='bbox 1089 553 1301 592; x_wconf 83' lang='lat' dir='ltr'>admodum</span> <span class='ocrx_word' id='word_1_38' title='bbox 1335 564 1473 605; x_wconf 76' lang='lat' dir='ltr'>magna</span> <span class='ocrx_word' id='word_1_39' title='bbox 1494 585 1508 606; x_wconf 87' lang='grc'>,</span> <span class='ocrx_word' id='word_1_40' title='bbox 1555 562 1617 593; x_wconf 86' lang='lat' dir='ltr'>aut</span> <span class='ocrx_word' id='word_1_41' title='bbox 1649 553 1806 592; x_wconf 83' lang='lat' dir='ltr'>tandem</span> 
     </span>
     <span class='ocr_line' id='line_1_6' title="bbox 537 610 1808 670; baseline -0.002 -11"><span class='ocrx_word' id='word_1_42' title='bbox 537 619 638 659; x_wconf 84' lang='lat' dir='ltr'>ratio</span> <span class='ocrx_word' id='word_1_43' title='bbox 669 617 762 658; x_wconf 87' lang='lat' dir='ltr'>haec</span> <span class='ocrx_word' id='word_1_44' title='bbox 796 616 841 656; x_wconf 86' lang='lat' dir='ltr'>fit</span> <span class='ocrx_word' id='word_1_45' title='bbox 873 610 1084 657; x_wconf 77' lang='lat' dir='ltr'>&#39;admodum</span> <span class='ocrx_word' id='word_1_46' title='bbox 1115 627 1242 670; x_wconf 80' lang='lat' dir='ltr'>parua.</span> <span class='ocrx_word' id='word_1_47' title='bbox 1306 615 1428 655; x_wconf 87' lang='lat' dir='ltr'>Priori</span> <span class='ocrx_word' id='word_1_48' title='bbox 1459 617 1542 656; x_wconf 83' lang='lat' dir='ltr'>casu</span> <span class='ocrx_word' id='word_1_49' title='bbox 1562 647 1574 666; x_wconf 93' lang='lat'>‚</span> <span class='ocrx_word' id='word_1_50' title='bbox 1615 623 1808 656; x_wconf 79' lang='lat' dir='ltr'>curuatura</span> 
     </span>
     <span class='ocr_line' id='line_1_7' title="bbox 537 679 1811 733; baseline -0.002 -11"><span class='ocrx_word' id='word_1_51' title='bbox 537 681 664 723; x_wconf 87' lang='lat' dir='ltr'>annuli</span> <span class='ocrx_word' id='word_1_52' title='bbox 695 680 821 721; x_wconf 84' lang='lat' dir='ltr'>conici</span> <span class='ocrx_word' id='word_1_53' title='bbox 843 708 855 723; x_wconf 84' lang='lat'>.</span> <span class='ocrx_word' id='word_1_54' title='bbox 903 680 942 719; x_wconf 90' lang='lat' dir='ltr'>in</span> <span class='ocrx_word' id='word_1_55' title='bbox 974 691 1158 733; x_wconf 75' lang='lat' dir='ltr'>perparua</span> <span class='ocrx_word' id='word_1_56' title='bbox 1191 679 1256 718; x_wconf 78' lang='lat' dir='ltr'>ista</span> <span class='ocrx_word' id='word_1_57' title='bbox 1276 709 1287 730; x_wconf 85' lang='lat'>,</span> <span class='ocrx_word' id='word_1_58' title='bbox 1338 691 1432 731; x_wconf 77' lang='lat' dir='ltr'>quae</span> <span class='ocrx_word' id='word_1_59' title='bbox 1464 679 1621 732; x_wconf 84' lang='lat' dir='ltr'>globum</span> <span class='ocrx_word' id='word_1_60' title='bbox 1671 679 1811 720; x_wconf 84' lang='lat' dir='ltr'>telluris</span> 
     </span>
     <span class='ocr_line' id='line_1_8' title="bbox 538 742 1812 797; baseline -0.002 -12"><span class='ocrx_word' id='word_1_61' title='bbox 538 745 667 796; x_wconf 79' lang='lat' dir='ltr'>secat,</span> <span class='ocrx_word' id='word_1_62' title='bbox 698 743 807 797; x_wconf 79' lang='lat' dir='ltr'>ipsius</span> <span class='ocrx_word' id='word_1_63' title='bbox 838 743 1013 796; x_wconf 82' lang='lat' dir='ltr'>portione</span> <span class='ocrx_word' id='word_1_64' title='bbox 1047 755 1127 782; x_wconf 88' lang='lat' dir='ltr'>non</span> <span class='ocrx_word' id='word_1_65' title='bbox 1159 744 1231 782; x_wconf 86' lang='lat' dir='ltr'>erit</span> <span class='ocrx_word' id='word_1_66' title='bbox 1259 742 1457 797; x_wconf 78' lang='lat' dir='ltr'>sensibilis,</span> <span class='ocrx_word' id='word_1_67' title='bbox 1492 743 1552 783; x_wconf 87' lang='lat' dir='ltr'>sed</span> <span class='ocrx_word' id='word_1_68' title='bbox 1585 742 1710 783; x_wconf 79' lang='lat' dir='ltr'>annuli</span> <span class='ocrx_word' id='word_1_69' title='bbox 1740 742 1812 783; x_wconf 76' lang='lat' dir='ltr'>ista</span> 
     </span>
     <span class='ocr_line' id='line_1_9' title="bbox 538 806 1237 862; baseline -0.004 -13"><span class='ocrx_word' id='word_1_70' title='bbox 538 821 626 862; x_wconf 79' lang='lat' dir='ltr'>pars</span> <span class='ocrx_word' id='word_1_71' title='bbox 675 819 748 861; x_wconf 89' lang='lat' dir='ltr'>pro</span> <span class='ocrx_word' id='word_1_72' title='bbox 781 807 892 860; x_wconf 79' lang='lat' dir='ltr'>plana</span> <span class='ocrx_word' id='word_1_73' title='bbox 919 806 1049 846; x_wconf 82' lang='lat' dir='ltr'>haberi</span> <span class='ocrx_word' id='word_1_74' title='bbox 1085 807 1237 858; x_wconf 84' lang='lat' dir='ltr'>poterit.</span> 
     </span>
    </p>

    <p class='ocr_par' dir='ltr' id='par_1_3' title="bbox 540 867 1836 1490">
     <span class='ocr_line' id='line_1_10' title="bbox 690 867 1813 922; baseline -0.001 -12"><span class='ocrx_word' id='word_1_75' title='bbox 690 869 952 921; x_wconf 78' lang='lat' dir='ltr'>Euoluamus,</span> <span class='ocrx_word' id='word_1_76' title='bbox 1006 879 1207 922; x_wconf 82' lang='lat' dir='ltr'>antequam</span> <span class='ocrx_word' id='word_1_77' title='bbox 1250 867 1296 908; x_wconf 80' lang='lat' dir='ltr'>ad</span> <span class='ocrx_word' id='word_1_78' title='bbox 1345 869 1503 922; x_wconf 81' lang='lat' dir='ltr'>reliquos</span> <span class='ocrx_word' id='word_1_79' title='bbox 1552 869 1813 921; x_wconf 80' lang='lat' dir='ltr'>transeamus,</span> 
     </span>
     <span class='ocr_line' id='line_1_11' title="bbox 540 929 1812 987; baseline -0.002 -12"><span class='ocrx_word' id='word_1_80' title='bbox 540 933 639 975; x_wconf 88' lang='lat' dir='ltr'>hunc</span> <span class='ocrx_word' id='word_1_81' title='bbox 668 933 793 975; x_wconf 84' lang='lat' dir='ltr'>casum</span> <span class='ocrx_word' id='word_1_82' title='bbox 827 934 947 987; x_wconf 86' lang='lat' dir='ltr'>paulo</span> <span class='ocrx_word' id='word_1_83' title='bbox 978 934 1165 974; x_wconf 80' lang='lat' dir='ltr'>attentius.</span> <span class='ocrx_word' id='word_1_84' title='bbox 1236 929 1338 972; x_wconf 89' lang='lat' dir='ltr'>Cum</span> <span class='ocrx_word' id='word_1_85' title='bbox 1374 933 1495 973; x_wconf 86' lang='lat' dir='ltr'>hocce</span> <span class='ocrx_word' id='word_1_86' title='bbox 1524 931 1606 973; x_wconf 85' lang='lat' dir='ltr'>casu</span> <span class='ocrx_word' id='word_1_87' title='bbox 1636 942 1812 973; x_wconf 84' lang='lat' dir='ltr'>curuatu-</span> 
     </span>
     <span class='ocr_line' id='line_1_12' title="bbox 540 996 1814 1050; baseline -0.002 -11"><span class='ocrx_word' id='word_1_88' title='bbox 540 1010 581 1038; x_wconf 81' lang='lat' dir='ltr'>ra</span> <span class='ocrx_word' id='word_1_89' title='bbox 615 998 779 1047; x_wconf 86' lang='lat' dir='ltr'>annuli,</span> <span class='ocrx_word' id='word_1_90' title='bbox 826 998 867 1036; x_wconf 86' lang='lat' dir='ltr'>in</span> <span class='ocrx_word' id='word_1_91' title='bbox 899 1009 941 1037; x_wconf 83' lang='lat' dir='ltr'>ea</span> <span class='ocrx_word' id='word_1_92' title='bbox 974 1006 1093 1050; x_wconf 82' lang='lat' dir='ltr'>parte,</span> <span class='ocrx_word' id='word_1_93' title='bbox 1124 1009 1219 1050; x_wconf 87' lang='lat' dir='ltr'>quae</span> <span class='ocrx_word' id='word_1_94' title='bbox 1250 996 1410 1050; x_wconf 86' lang='lat' dir='ltr'>globum</span> <span class='ocrx_word' id='word_1_95' title='bbox 1443 996 1655 1038; x_wconf 81' lang='lat' dir='ltr'>terrestrem</span> <span class='ocrx_word' id='word_1_96' title='bbox 1686 996 1814 1046; x_wconf 84' lang='lat' dir='ltr'>secat,</span> 
     </span>
     <span class='ocr_line' id='line_1_13' title="bbox 541 1059 1836 1114; baseline -0.002 -12"><span class='ocrx_word' id='word_1_97' title='bbox 541 1061 681 1114; x_wconf 87' lang='lat' dir='ltr'>negligi</span> <span class='ocrx_word' id='word_1_98' title='bbox 713 1069 824 1113; x_wconf 82' lang='lat' dir='ltr'>queat</span> <span class='ocrx_word' id='word_1_99' title='bbox 843 1092 855 1113; x_wconf 90' lang='grc'>,</span> <span class='ocrx_word' id='word_1_100' title='bbox 906 1072 981 1113; x_wconf 86' lang='lat' dir='ltr'>pro</span> <span class='ocrx_word' id='word_1_101' title='bbox 1015 1060 1129 1113; x_wconf 85' lang='lat' dir='ltr'>plano</span> <span class='ocrx_word' id='word_1_102' title='bbox 1160 1073 1229 1114; x_wconf 87' lang='lat' dir='ltr'>per</span> <span class='ocrx_word' id='word_1_103' title='bbox 1259 1067 1318 1114; x_wconf 87' lang='lat' dir='ltr'>pq</span> <span class='ocrx_word' id='word_1_104' title='bbox 1352 1059 1561 1101; x_wconf 82' lang='lat' dir='ltr'>transeunte</span> <span class='ocrx_word' id='word_1_105' title='bbox 1583 1092 1595 1113; x_wconf 87' lang='lat'>‚</span> <span class='ocrx_word' id='word_1_106' title='bbox 1642 1060 1687 1100; x_wconf 83' lang='lat' dir='ltr'>ad</span> <span class='ocrx_word' id='word_1_107' title='bbox 1730 1060 1836 1114; x_wconf 86' lang='lat' dir='ltr'>pla--</span> 
     </span>
     <span class='ocr_line' id='line_1_14' title="bbox 541 1114 1812 1177; baseline -0.001 -14"><span class='ocrx_word' id='word_1_108' title='bbox 541 1136 635 1163; x_wconf 87' lang='lat' dir='ltr'>num</span> <span class='ocrx_word' id='word_1_109' title='bbox 667 1123 796 1163; x_wconf 85' lang='lat' dir='ltr'>circuli</span> <span class='ocrx_word' id='word_1_110' title='bbox 830 1123 867 1162; x_wconf 89' lang='lat' dir='ltr'>T</span> <span class='ocrx_word' id='word_1_111' title='bbox 898 1124 1199 1176; x_wconf 82' lang='lat' dir='ltr'>perpendiculari</span> <span class='ocrx_word' id='word_1_112' title='bbox 1228 1123 1359 1164; x_wconf 86' lang='lat' dir='ltr'>haberi</span> <span class='ocrx_word' id='word_1_113' title='bbox 1393 1124 1531 1177; x_wconf 63' lang='lat' dir='ltr'>potest⁰</span> <span class='ocrx_word' id='word_1_114' title='bbox 1604 1123 1708 1163; x_wconf 85' lang='lat' dir='ltr'>Loca</span> <span class='ocrx_word' id='word_1_115' title='bbox 1742 1114 1812 1163; x_wconf 52' lang='lat' dir='ltr'>itass</span> 
     </span>
     <span class='ocr_line' id='line_1_15' title="bbox 542 1185 1818 1241; baseline 0 -15"><span class='ocrx_word' id='word_1_116' title='bbox 542 1199 616 1241; x_wconf 89' lang='lat' dir='ltr'>que</span> <span class='ocrx_word' id='word_1_117' title='bbox 649 1186 779 1226; x_wconf 85' lang='lat' dir='ltr'>omnia</span> <span class='ocrx_word' id='word_1_118' title='bbox 801 1213 813 1237; x_wconf 83' lang='lat'>,</span> <span class='ocrx_word' id='word_1_119' title='bbox 865 1198 958 1240; x_wconf 86' lang='lat' dir='ltr'>quae</span> <span class='ocrx_word' id='word_1_120' title='bbox 988 1187 1130 1227; x_wconf 81' lang='lat' dir='ltr'>eodem</span> <span class='ocrx_word' id='word_1_121' title='bbox 1166 1195 1372 1227; x_wconf 87' lang='lat' dir='ltr'>momento</span> <span class='ocrx_word' id='word_1_122' title='bbox 1395 1218 1405 1238; x_wconf 87' lang='lat'><em>,</em></span> <span class='ocrx_word' id='word_1_123' title='bbox 1436 1186 1613 1226; x_wconf 81' lang='lat' dir='ltr'>Planetae</span> <span class='ocrx_word' id='word_1_124' title='bbox 1642 1186 1683 1226; x_wconf 90' lang='lat' dir='ltr'>in</span> <span class='ocrx_word' id='word_1_125' title='bbox 1717 1185 1818 1227; x_wconf 85' lang='lat' dir='ltr'>Solis</span> 
     </span>
     <span class='ocr_line' id='line_1_16' title="bbox 542 1249 1813 1304; baseline 0 -14"><span class='ocrx_word' id='word_1_126' title='bbox 542 1250 686 1291; x_wconf 72' lang='lat' dir='ltr'>discum</span> <span class='ocrx_word' id='word_1_127' title='bbox 716 1250 1005 1290; x_wconf 77' lang='lat' dir='ltr'>immersionem</span> <span class='ocrx_word' id='word_1_128' title='bbox 1025 1282 1039 1302; x_wconf 88' lang='grc'>,</span> <span class='ocrx_word' id='word_1_129' title='bbox 1086 1260 1148 1290; x_wconf 84' lang='lat' dir='ltr'>aut</span> <span class='ocrx_word' id='word_1_130' title='bbox 1178 1262 1231 1289; x_wconf 85' lang='lat' dir='ltr'>ex</span> <span class='ocrx_word' id='word_1_131' title='bbox 1262 1249 1345 1303; x_wconf 82' lang='lat' dir='ltr'>ipso</span> <span class='ocrx_word' id='word_1_132' title='bbox 1375 1256 1628 1292; x_wconf 79' lang='lat' dir='ltr'>emersionem</span> <span class='ocrx_word' id='word_1_133' title='bbox 1664 1251 1813 1304; x_wconf 85' lang='lat' dir='ltr'>conspi-</span> 
     </span>
     <span class='ocr_line' id='line_1_17' title="bbox 542 1313 1817 1366; baseline 0.001 -12"><span class='ocrx_word' id='word_1_134' title='bbox 542 1314 648 1354; x_wconf 90' lang='lat' dir='ltr'>ciunt</span> <span class='ocrx_word' id='word_1_135' title='bbox 669 1345 679 1365; x_wconf 88' lang='lat'>,</span> <span class='ocrx_word' id='word_1_136' title='bbox 733 1315 774 1354; x_wconf 91' lang='lat' dir='ltr'>in</span> <span class='ocrx_word' id='word_1_137' title='bbox 807 1313 1070 1354; x_wconf 64' lang='lat' dir='ltr'>intersec‘iione</span> <span class='ocrx_word' id='word_1_138' title='bbox 1101 1313 1242 1366; x_wconf 84' lang='lat' dir='ltr'>plani,</span> <span class='ocrx_word' id='word_1_139' title='bbox 1290 1325 1378 1354; x_wconf 87' lang='lat' dir='ltr'>cum</span> <span class='ocrx_word' id='word_1_140' title='bbox 1411 1314 1513 1365; x_wconf 77' lang='lat' dir='ltr'>globi</span> <span class='ocrx_word' id='word_1_141' title='bbox 1545 1313 1725 1355; x_wconf 86' lang='lat' dir='ltr'>terrestris</span> <span class='ocrx_word' id='word_1_142' title='bbox 1756 1315 1817 1355; x_wconf 89' lang='lat' dir='ltr'>su-</span> 
     </span>
     <span class='ocr_line' id='line_1_18' title="bbox 541 1375 1817 1430; baseline 0.002 -15"><span class='ocrx_word' id='word_1_143' title='bbox 541 1375 698 1427; x_wconf 86' lang='lat' dir='ltr'>perficie</span> <span class='ocrx_word' id='word_1_144' title='bbox 718 1403 732 1423; x_wconf 64' lang='lat'>2</span> <span class='ocrx_word' id='word_1_145' title='bbox 778 1375 868 1415; x_wconf 89' lang='lat' dir='ltr'>hinc</span> <span class='ocrx_word' id='word_1_146' title='bbox 898 1377 939 1415; x_wconf 83' lang='lat' dir='ltr'>in</span> <span class='ocrx_word' id='word_1_147' title='bbox 973 1377 1119 1417; x_wconf 88' lang='lat' dir='ltr'>circulo</span> <span class='ocrx_word' id='word_1_148' title='bbox 1151 1376 1353 1429; x_wconf 82' lang='lat' dir='ltr'>quodam,</span> <span class='ocrx_word' id='word_1_149' title='bbox 1342 1409 1353 1430; x_wconf 72' lang='lat'><em>‚</em></span> <span class='ocrx_word' id='word_1_150' title='bbox 1404 1378 1440 1416; x_wconf 90' lang='lat' dir='ltr'>in</span> <span class='ocrx_word' id='word_1_151' title='bbox 1481 1378 1620 1417; x_wconf 84' lang='lat' dir='ltr'>telluris</span> <span class='ocrx_word' id='word_1_152' title='bbox 1660 1376 1817 1430; x_wconf 85' lang='lat' dir='ltr'>superfi-</span> 
     </span>
     <span class='ocr_line' id='line_1_19' title="bbox 543 1437 1809 1490; baseline 0.002 -14"><span class='ocrx_word' id='word_1_153' title='bbox 543 1438 599 1477; x_wconf 88' lang='lat' dir='ltr'>cie</span> <span class='ocrx_word' id='word_1_154' title='bbox 632 1437 770 1486; x_wconf 64' lang='lat' dir='ltr'>ducto,</span> <span class='ocrx_word' id='word_1_155' title='bbox 802 1438 867 1477; x_wconf 82' lang='lat' dir='ltr'>fita</span> <span class='ocrx_word' id='word_1_156' title='bbox 902 1447 1024 1476; x_wconf 86' lang='lat' dir='ltr'>erunt.</span> <span class='ocrx_word' id='word_1_157' title='bbox 1088 1439 1318 1478; x_wconf 85' lang='lat' dir='ltr'>Admodum</span> <span class='ocrx_word' id='word_1_158' title='bbox 1357 1439 1469 1490; x_wconf 86' lang='lat' dir='ltr'>igitur</span> <span class='ocrx_word' id='word_1_159' title='bbox 1501 1439 1636 1490; x_wconf 73' lang='lat' dir='ltr'>facilis,</span> <span class='ocrx_word' id='word_1_160' title='bbox 1670 1453 1710 1478; x_wconf 85' lang='lat' dir='ltr'>ac</span> <span class='ocrx_word' id='word_1_161' title='bbox 1743 1451 1809 1478; x_wconf 85' lang='lat' dir='ltr'>ex-</span> 
     </span>
    </p>

    <p class='ocr_par' dir='ltr' id='par_1_4' title="bbox 355 1491 1814 1678">
     <span class='ocr_line' id='line_1_20' title="bbox 355 1491 1814 1553; baseline 0.001 -13"><span class='ocrx_word' id='word_1_162' title='bbox 355 1492 436 1529; x_wconf 73' lang='lat' dir='ltr'>‘Tab</span> <span class='ocrx_word' id='word_1_163' title='bbox 445 1491 539 1528; x_wconf 63' lang='lat' dir='ltr'><strong>XIV·</strong></span> <span class='ocrx_word' id='word_1_164' title='bbox 550 1501 674 1553; x_wconf 82' lang='lat' dir='ltr'>pedita</span> <span class='ocrx_word' id='word_1_165' title='bbox 709 1500 777 1539; x_wconf 89' lang='lat' dir='ltr'>erit</span> <span class='ocrx_word' id='word_1_166' title='bbox 807 1499 884 1539; x_wconf 83' lang='lat' dir='ltr'>hoc</span> <span class='ocrx_word' id='word_1_167' title='bbox 935 1500 1017 1539; x_wconf 73' lang='lat' dir='ltr'>casu</span> <span class='ocrx_word' id='word_1_168' title='bbox 1064 1500 1311 1553; x_wconf 72' lang='lat' dir='ltr'>problematis</span> <span class='ocrx_word' id='word_1_169' title='bbox 1361 1502 1474 1540; x_wconf 81' lang='lat' dir='ltr'>nostri</span> <span class='ocrx_word' id='word_1_170' title='bbox 1526 1502 1670 1540; x_wconf 75' lang='lat' dir='ltr'>solutio.</span> <span class='ocrx_word' id='word_1_171' title='bbox 1768 1500 1814 1542; x_wconf 76' lang='lat' dir='ltr'>Si</span> 
     </span>
     <span class='ocr_line' id='line_1_21' title="bbox 410 1556 1810 1616; baseline 0 -13"><span class='ocrx_word' id='word_1_172' title='bbox 410 1556 449 1592; x_wconf 75' lang='lat' dir='ltr'>&#39;g</span> <span class='ocrx_word' id='word_1_173' title='bbox 477 1559 513 1588; x_wconf 82' lang='lat'><strong>4</strong></span> <span class='ocrx_word' id='word_1_174' title='bbox 548 1575 690 1616; x_wconf 83' lang='lat' dir='ltr'>nempe</span> <span class='ocrx_word' id='word_1_175' title='bbox 723 1563 878 1602; x_wconf 84' lang='lat' dir='ltr'>circulus</span> <span class='ocrx_word' id='word_1_176' title='bbox 911 1561 1069 1611; x_wconf 84' lang='lat' dir='ltr'><strong>ADB,</strong></span> <span class='ocrx_word' id='word_1_177' title='bbox 1104 1563 1273 1615; x_wconf 75' lang='lat' dir='ltr'>designet</span> <span class='ocrx_word' id='word_1_178' title='bbox 1306 1564 1484 1602; x_wconf 84' lang='lat' dir='ltr'>circulum</span> <span class='ocrx_word' id='word_1_179' title='bbox 1517 1564 1571 1614; x_wconf 79' lang='lat' dir='ltr'>T,</span> <span class='ocrx_word' id='word_1_180' title='bbox 1601 1564 1662 1616; x_wconf 87' lang='lat' dir='ltr'>qui</span> <span class='ocrx_word' id='word_1_181' title='bbox 1693 1565 1810 1604; x_wconf 76' lang='lat' dir='ltr'>inter-</span> 
     </span>
     <span class='ocr_line' id='line_1_22' title="bbox 544 1624 1812 1678; baseline 0 -12"><span class='ocrx_word' id='word_1_182' title='bbox 544 1627 707 1666; x_wconf 62' lang='lat' dir='ltr'>sectione</span> <span class='ocrx_word' id='word_1_183' title='bbox 739 1626 874 1677; x_wconf 84' lang='lat' dir='ltr'>plmi,</span> <span class='ocrx_word' id='word_1_184' title='bbox 905 1638 973 1678; x_wconf 91' lang='lat' dir='ltr'>per</span> <span class='ocrx_word' id='word_1_185' title='bbox 1003 1624 1170 1677; x_wconf 77' lang='lat' dir='ltr'>Solem,</span> <span class='ocrx_word' id='word_1_186' title='bbox 1203 1625 1367 1664; x_wconf 83' lang='lat' dir='ltr'>Terram</span> <span class='ocrx_word' id='word_1_187' title='bbox 1401 1637 1445 1663; x_wconf 84' lang='lat' dir='ltr'>ac</span> <span class='ocrx_word' id='word_1_188' title='bbox 1480 1626 1540 1664; x_wconf 69' lang='lat' dir='ltr'>PLn</span> <span class='ocrx_word' id='word_1_189' title='bbox 1536 1637 1673 1664; x_wconf 75' lang='lat' dir='ltr'>nerim</span> <span class='ocrx_word' id='word_1_190' title='bbox 1709 1637 1812 1666; x_wconf 66' lang='lat' dir='ltr'>tran-</span> 
     </span>
    </p>

    <p class='ocr_par' dir='ltr' id='par_1_5' title="bbox 544 1687 1814 1742">
     <span class='ocr_line' id='line_1_23' title="bbox 544 1687 1814 1742; baseline 0.002 -14"><span class='ocrx_word' id='word_1_191' title='bbox 544 1688 696 1742; x_wconf 74' lang='lat' dir='ltr'>seuntis,</span> <span class='ocrx_word' id='word_1_192' title='bbox 730 1701 820 1728; x_wconf 87' lang='lat' dir='ltr'>cum</span> <span class='ocrx_word' id='word_1_193' title='bbox 856 1688 1019 1729; x_wconf 82' lang='lat' dir='ltr'>terrestri</span> <span class='ocrx_word' id='word_1_194' title='bbox 1053 1689 1170 1742; x_wconf 88' lang='lat' dir='ltr'>globo</span> <span class='ocrx_word' id='word_1_195' title='bbox 1203 1688 1449 1740; x_wconf 78' lang='lat' dir='ltr'>producitur,</span> <span class='ocrx_word' id='word_1_196' title='bbox 1487 1688 1668 1741; x_wconf 66' lang='lat' dir='ltr'>pun-stum</span> <span class='ocrx_word' id='word_1_197' title='bbox 1687 1687 1814 1742; x_wconf 79' lang='lat' dir='ltr'>supet-</span> 
     </span>
    </p>

    <p class='ocr_par' dir='ltr' id='par_1_6' title="bbox 542 1752 1812 1805">
     <span class='ocr_line' id='line_1_24' title="bbox 542 1752 1812 1805; baseline 0.002 -13"><span class='ocrx_word' id='word_1_198' title='bbox 542 1752 645 1792; x_wconf 82' lang='lat' dir='ltr'>ficiei</span> <span class='ocrx_word' id='word_1_199' title='bbox 678 1752 850 1791; x_wconf 81' lang='lat' dir='ltr'>terrestris</span> <span class='ocrx_word' id='word_1_200' title='bbox 884 1752 938 1803; x_wconf 83' lang='lat' dir='ltr'>E,</span> <span class='ocrx_word' id='word_1_201' title='bbox 970 1765 1057 1792; x_wconf 85' lang='lat' dir='ltr'>cum</span> <span class='ocrx_word' id='word_1_202' title='bbox 1093 1753 1239 1805; x_wconf 59' lang='lat' dir='ltr'>pundio</span> <span class='ocrx_word' id='word_1_203' title='bbox 1271 1752 1316 1799; x_wconf 81' lang='lat' dir='ltr'>F,</span> <span class='ocrx_word' id='word_1_204' title='bbox 1351 1753 1452 1804; x_wconf 87' lang='lat' dir='ltr'>quod</span> <span class='ocrx_word' id='word_1_205' title='bbox 1486 1753 1693 1803; x_wconf 78' lang='lat' dir='ltr'>designatur</span> <span class='ocrx_word' id='word_1_206' title='bbox 1740 1753 1812 1794; x_wconf 78' lang='lat' dir='ltr'>de·</span> 
     </span>
    </p>

    <p class='ocr_par' dir='ltr' id='par_1_7' title="bbox 546 1814 1814 1869">
     <span class='ocr_line' id='line_1_25' title="bbox 546 1814 1814 1869; baseline 0.001 -14"><span class='ocrx_word' id='word_1_207' title='bbox 546 1817 654 1856; x_wconf 67' lang='lat' dir='ltr'>misia</span> <span class='ocrx_word' id='word_1_208' title='bbox 689 1827 742 1855; x_wconf 85' lang='lat' dir='ltr'>cx</span> <span class='ocrx_word' id='word_1_209' title='bbox 774 1815 809 1857; x_wconf 87' lang='lat' dir='ltr'>E</span> <span class='ocrx_word' id='word_1_210' title='bbox 842 1817 890 1856; x_wconf 83' lang='lat' dir='ltr'>ad</span> <span class='ocrx_word' id='word_1_211' title='bbox 924 1817 1078 1869; x_wconf 77' lang='lat' dir='ltr'>planum</span> <span class='ocrx_word' id='word_1_212' title='bbox 1110 1818 1152 1856; x_wconf 84' lang='lat' dir='ltr'>-A</span> <span class='ocrx_word' id='word_1_213' title='bbox 1167 1814 1252 1854; x_wconf 85' lang='lat' dir='ltr'>BD</span> <span class='ocrx_word' id='word_1_214' title='bbox 1289 1814 1616 1868; x_wconf 77' lang='lat' dir='ltr'>perpendiculari,</span> <span class='ocrx_word' id='word_1_215' title='bbox 1652 1815 1814 1856; x_wconf 80' lang='lat' dir='ltr'>immer-</span> 
     </span>
    </p>

    <p class='ocr_par' dir='ltr' id='par_1_8' title="bbox 546 1878 1814 1933">
     <span class='ocr_line' id='line_1_26' title="bbox 546 1878 1814 1933; baseline 0.001 -14"><span class='ocrx_word' id='word_1_216' title='bbox 546 1879 687 1919; x_wconf 78' lang='lat' dir='ltr'>sionem</span> <span class='ocrx_word' id='word_1_217' title='bbox 723 1879 833 1920; x_wconf 85' lang='lat' dir='ltr'>fimul</span> <span class='ocrx_word' id='word_1_218' title='bbox 863 1881 1081 1933; x_wconf 80' lang='lat' dir='ltr'>conspiciet.</span> <span class='ocrx_word' id='word_1_219' title='bbox 1163 1878 1233 1920; x_wconf 86' lang='lat' dir='ltr'>Nil</span> <span class='ocrx_word' id='word_1_220' title='bbox 1263 1880 1389 1931; x_wconf 79' lang='lat' dir='ltr'>itaque</span> <span class='ocrx_word' id='word_1_221' title='bbox 1419 1891 1512 1927; x_wconf 78' lang='lat' dir='ltr'>opus</span> <span class='ocrx_word' id='word_1_222' title='bbox 1541 1878 1592 1917; x_wconf 83' lang='lat' dir='ltr'>est</span> <span class='ocrx_word' id='word_1_223' title='bbox 1610 1910 1622 1927; x_wconf 88' lang='lat'><strong>,</strong></span> <span class='ocrx_word' id='word_1_224' title='bbox 1673 1879 1741 1920; x_wconf 77' lang='lat' dir='ltr'>nisi</span> <span class='ocrx_word' id='word_1_225' title='bbox 1769 1887 1814 1920; x_wconf 76' lang='lat' dir='ltr'>vt</span> 
     </span>
    </p>

    <p class='ocr_par' dir='ltr' id='par_1_9' title="bbox 547 1939 1813 1995">
     <span class='ocr_line' id='line_1_27' title="bbox 547 1939 1813 1995; baseline 0.001 -14"><span class='ocrx_word' id='word_1_226' title='bbox 547 1942 645 1982; x_wconf 64' lang='lat' dir='ltr'>tedia</span> <span class='ocrx_word' id='word_1_227' title='bbox 677 1939 755 1982; x_wconf 79' lang='lat' dir='ltr'>GF</span> <span class='ocrx_word' id='word_1_228' title='bbox 787 1955 831 1982; x_wconf 85' lang='lat' dir='ltr'>ac</span> <span class='ocrx_word' id='word_1_229' title='bbox 866 1943 972 1995; x_wconf 77' lang='lat' dir='ltr'>HF,</span> <span class='ocrx_word' id='word_1_230' title='bbox 1004 1944 1114 1983; x_wconf 86' lang='lat' dir='ltr'>situm</span> <span class='ocrx_word' id='word_1_231' title='bbox 1146 1941 1272 1995; x_wconf 67' lang='lat' dir='ltr'>punffi</span> <span class='ocrx_word' id='word_1_232' title='bbox 1307 1943 1352 1993; x_wconf 81' lang='lat' dir='ltr'>F,</span> <span class='ocrx_word' id='word_1_233' title='bbox 1383 1941 1485 1994; x_wconf 82' lang='lat' dir='ltr'>quod</span> <span class='ocrx_word' id='word_1_234' title='bbox 1534 1942 1688 1994; x_wconf 43' lang='lat' dir='ltr'>quouis*</span> <span class='ocrx_word' id='word_1_235' title='bbox 1719 1955 1813 1982; x_wconf 82' lang='lat' dir='ltr'>mo-</span> 
     </span>
    </p>

    <p class='ocr_par' dir='ltr' id='par_1_10' title="bbox 548 2005 1817 2123">
     <span class='ocr_line' id='line_1_28' title="bbox 548 2005 1814 2059; baseline 0.002 -15"><span class='ocrx_word' id='word_1_236' title='bbox 548 2016 681 2044; x_wconf 84' lang='lat' dir='ltr'>mento</span> <span class='ocrx_word' id='word_1_237' title='bbox 716 2005 861 2056; x_wconf 61' lang='lat' dir='ltr'>puncto</span> <span class='ocrx_word' id='word_1_238' title='bbox 896 2008 932 2048; x_wconf 86' lang='lat' dir='ltr'><strong>E</strong></span> <span class='ocrx_word' id='word_1_239' title='bbox 984 2006 1217 2059; x_wconf 79' lang='lat' dir='ltr'>respondet</span> <span class='ocrx_word' id='word_1_240' title='bbox 1266 2005 1559 2045; x_wconf 77' lang='lat' dir='ltr'>determinantes</span> <span class='ocrx_word' id='word_1_241' title='bbox 1606 2015 1814 2058; x_wconf 75' lang='lat' dir='ltr'>eruantur,</span> 
     </span>
     <span class='ocr_line' id='line_1_29' title="bbox 548 2067 1817 2129; baseline 0.002 -22"><span class='ocrx_word' id='word_1_242' title='bbox 548 2079 748 2120; x_wconf 74' lang='lat' dir='ltr'>earumque</span> <span class='ocrx_word' id='word_1_243' title='bbox 784 2070 931 2111; x_wconf 62' lang='lat' dir='ltr'>iilores</span> <span class='ocrx_word' id='word_1_244' title='bbox 957 2071 995 2110; x_wconf 89' lang='lat' dir='ltr'>in</span> <span class='ocrx_word' id='word_1_245' title='bbox 1029 2070 1134 2123; x_wconf 84' lang='lat' dir='ltr'>supra</span> <span class='ocrx_word' id='word_1_246' title='bbox 1163 2067 1353 2108; x_wconf 85' lang='lat' dir='ltr'>euolutam</span> <span class='ocrx_word' id='word_1_247' title='bbox 1395 2068 1596 2129; x_wconf 76' lang='lat' dir='ltr'>formulam</span> <span class='ocrx_word' id='word_1_248' title='bbox 1641 2069 1817 2109; x_wconf 83' lang='lat' dir='ltr'>introdu-</span> 
     </span>
    </p>
   </div>
   <div class='ocr_carea' id='block_1_3' title="bbox 547 2130 1813 2248">
    <p class='ocr_par' dir='ltr' id='par_1_11' title="bbox 547 2130 1813 2248">
     <span class='ocr_line' id='line_1_30' title="bbox 547 2130 1813 2186; baseline 0.003 -16"><span class='ocrx_word' id='word_1_249' title='bbox 547 2140 688 2170; x_wconf 75' lang='lat' dir='ltr'>cantur.</span> <span class='ocrx_word' id='word_1_250' title='bbox 775 2130 883 2170; x_wconf 83' lang='lat' dir='ltr'>Patet</span> <span class='ocrx_word' id='word_1_251' title='bbox 931 2144 1057 2173; x_wconf 80' lang='lat' dir='ltr'>autem</span> <span class='ocrx_word' id='word_1_252' title='bbox 1107 2133 1154 2174; x_wconf 84' lang='lat' dir='ltr'>ad</span> <span class='ocrx_word' id='word_1_253' title='bbox 1203 2131 1278 2172; x_wconf 78' lang='lat' dir='ltr'>linc</span> <span class='ocrx_word' id='word_1_254' title='bbox 1308 2133 1503 2186; x_wconf 87' lang='lat' dir='ltr'>negotium</span> <span class='ocrx_word' id='word_1_255' title='bbox 1537 2131 1813 2186; x_wconf 81' lang='lat' dir='ltr'>perficiendum</span> 
     </span>
     <span class='ocr_line' id='line_1_31' title="bbox 547 2193 1047 2248; baseline 0.002 -14"><span class='ocrx_word' id='word_1_256' title='bbox 547 2194 608 2234; x_wconf 65' lang='lat' dir='ltr'>via</span> <span class='ocrx_word' id='word_1_257' title='bbox 629 2224 646 2248; x_wconf 48' lang='lat'>²,</span> <span class='ocrx_word' id='word_1_258' title='bbox 674 2193 840 2248; x_wconf 83' lang='lat' dir='ltr'>sequenti</span> <span class='ocrx_word' id='word_1_259' title='bbox 876 2196 1047 2236; x_wconf 77' lang='lat' dir='ltr'>ratione:</span> 
     </span>
    </p>
   </div>
   <div class='ocr_carea' id='block_1_4' title="bbox 1745 2257 1811 2300">
    <p class='ocr_par' dir='ltr' id='par_1_12' title="bbox 1745 2257 1811 2300">
     <span class='ocr_line' id='line_1_32' title="bbox 1745 2257 1811 2300; baseline -0.045 0"><span class='ocrx_word' id='word_1_260' title='bbox 1745 2257 1811 2300; x_wconf 81' lang='lat' dir='ltr'>Ex</span> 
     </span>
    </p>
   </div>
  </div>
 </body>
</html>
