<?xml version="1.0" encoding="UTF-8"?>
<!DOCTYPE html PUBLIC "-//W3C//DTD XHTML 1.0 Transitional//EN"
    "http://www.w3.org/TR/xhtml1/DTD/xhtml1-transitional.dtd">
<html xmlns="http://www.w3.org/1999/xhtml" xml:lang="en" lang="en">
 <head>
  <title>
</title>
<meta http-equiv="Content-Type" content="text/html;charset=utf-8" />
  <meta name='ocr-system' content='tesseract 3.04.00' />
  <meta name='ocr-capabilities' content='ocr_page ocr_carea ocr_par ocr_line ocrx_word'/>
</head>
<body>
  <div class='ocr_page' id='page_1' title='image "./novicommentariac10impe_0571.png"; bbox 0 0 1972 2652; ppageno 0'>
   <div class='ocr_carea' id='block_1_1' title="bbox 401 268 1371 321">
    <p class='ocr_par' dir='ltr' id='par_1_1' title="bbox 401 268 1371 321">
     <span class='ocr_line' id='line_1_1' title="bbox 401 268 1371 321; baseline -0.003 -4"><span class='ocrx_word' id='word_1_1' title='bbox 401 270 503 318; x_wconf 63' lang='lat' dir='ltr'>IN</span> <span class='ocrx_word' id='word_1_2' title='bbox 563 269 796 317; x_wconf 78' lang='lat' dir='ltr'><strong><em>SOLE</em></strong></span> <span class='ocrx_word' id='word_1_3' title='bbox 859 268 1091 317; x_wconf 81' lang='lat' dir='ltr'><em>VISA.</em></span> <span class='ocrx_word' id='word_1_4' title='bbox 1281 271 1371 321; x_wconf 75' lang='lat'>481&#39;</span> 
     </span>
    </p>
   </div>
   <div class='ocr_carea' id='block_1_2' title="bbox 402 381 1565 2271">
    <p class='ocr_par' dir='ltr' id='par_1_2' title="bbox 402 381 1565 2271">
     <span class='ocr_line' id='line_1_2' title="bbox 424 381 1378 440; baseline -0.002 -14"><span class='ocrx_word' id='word_1_5' title='bbox 424 385 487 426; x_wconf 75' lang='lat' dir='ltr'>hic</span> <span class='ocrx_word' id='word_1_6' title='bbox 519 387 554 426; x_wconf 82' lang='lat' dir='ltr'>se</span> <span class='ocrx_word' id='word_1_7' title='bbox 589 386 769 428; x_wconf 81' lang='lat' dir='ltr'>offerebat</span> <span class='ocrx_word' id='word_1_8' title='bbox 787 419 798 438; x_wconf 91' lang='lat'>‚</span> <span class='ocrx_word' id='word_1_9' title='bbox 838 385 938 440; x_wconf 90' lang='lat' dir='ltr'>quod</span> <span class='ocrx_word' id='word_1_10' title='bbox 968 382 1148 424; x_wconf 73' lang='lat' dir='ltr'>exactam</span> <span class='ocrx_word' id='word_1_11' title='bbox 1181 381 1378 424; x_wconf 67' lang='lat' dir='ltr'>contaetus</span> 
     </span>
     <span class='ocr_line' id='line_1_3' title="bbox 423 446 1378 503; baseline -0.003 -13"><span class='ocrx_word' id='word_1_12' title='bbox 423 451 629 491; x_wconf 78' lang='lat' dir='ltr'>memorati</span> <span class='ocrx_word' id='word_1_13' title='bbox 656 481 669 502; x_wconf 88' lang='lat'>‚</span> <span class='ocrx_word' id='word_1_14' title='bbox 721 450 890 503; x_wconf 69' lang='lat' dir='ltr'>respec‘tu</span> <span class='ocrx_word' id='word_1_15' title='bbox 943 446 1137 487; x_wconf 86' lang='lat' dir='ltr'>momenti</span> <span class='ocrx_word' id='word_1_16' title='bbox 1187 447 1378 500; x_wconf 84' lang='lat' dir='ltr'>temporis</span> 
     </span>
     <span class='ocr_line' id='line_1_4' title="bbox 422 509 1378 567; baseline -0.006 -14"><span class='ocrx_word' id='word_1_17' title='bbox 422 514 711 567; x_wconf 79' lang='lat' dir='ltr'>respondentis,</span> <span class='ocrx_word' id='word_1_18' title='bbox 758 511 1059 554; x_wconf 82' lang='lat' dir='ltr'>aestimationem</span> <span class='ocrx_word' id='word_1_19' title='bbox 1099 509 1212 550; x_wconf 82' lang='lat' dir='ltr'>valde</span> <span class='ocrx_word' id='word_1_20' title='bbox 1253 510 1378 563; x_wconf 87' lang='lat' dir='ltr'>impe-</span> 
     </span>
     <span class='ocr_line' id='line_1_5' title="bbox 425 572 1378 631; baseline -0.004 -15"><span class='ocrx_word' id='word_1_21' title='bbox 425 578 566 618; x_wconf 81' lang='lat' dir='ltr'>diebat.</span> <span class='ocrx_word' id='word_1_22' title='bbox 662 576 780 616; x_wconf 83' lang='lat' dir='ltr'>Linea</span> <span class='ocrx_word' id='word_1_23' title='bbox 818 587 958 628; x_wconf 84' lang='lat' dir='ltr'>nempe</span> <span class='ocrx_word' id='word_1_24' title='bbox 1000 573 1191 631; x_wconf 68' lang='lat' dir='ltr'>praedicta</span> <span class='ocrx_word' id='word_1_25' title='bbox 1222 572 1343 613; x_wconf 84' lang='lat' dir='ltr'>lucida</span> <span class='ocrx_word' id='word_1_26' title='bbox 1366 604 1378 625; x_wconf 88' lang='lat'><em>,</em></span> 
     </span>
     <span class='ocr_line' id='line_1_6' title="bbox 427 637 1380 692; baseline -0.003 -13"><span class='ocrx_word' id='word_1_27' title='bbox 427 652 521 692; x_wconf 83' lang='lat' dir='ltr'>quae</span> <span class='ocrx_word' id='word_1_28' title='bbox 552 639 787 691; x_wconf 84' lang='lat' dir='ltr'>longi-tudine</span> <span class='ocrx_word' id='word_1_29' title='bbox 819 637 997 679; x_wconf 83' lang='lat' dir='ltr'>nonnihil</span> <span class='ocrx_word' id='word_1_30' title='bbox 1028 638 1157 679; x_wconf 84' lang='lat' dir='ltr'>minor</span> <span class='ocrx_word' id='word_1_31' title='bbox 1198 637 1380 677; x_wconf 87' lang='lat' dir='ltr'>cerneba-</span> 
     </span>
     <span class='ocr_line' id='line_1_7' title="bbox 424 699 1565 756; baseline 0 -14"><span class='ocrx_word' id='word_1_32' title='bbox 424 712 498 752; x_wconf 78' lang='lat' dir='ltr'>tur,</span> <span class='ocrx_word' id='word_1_33' title='bbox 517 714 628 756; x_wconf 80' lang='lat' dir='ltr'>quam</span> <span class='ocrx_word' id='word_1_34' title='bbox 660 702 846 742; x_wconf 84' lang='lat' dir='ltr'>diameter</span> <span class='ocrx_word' id='word_1_35' title='bbox 879 701 966 740; x_wconf 85' lang='lat' dir='ltr'>disci</span> <span class='ocrx_word' id='word_1_36' title='bbox 999 700 1158 740; x_wconf 86' lang='lat' dir='ltr'>Veneris</span> <span class='ocrx_word' id='word_1_37' title='bbox 1186 699 1234 740; x_wconf 81' lang='lat' dir='ltr'>ad</span> <span class='ocrx_word' id='word_1_38' title='bbox 1267 699 1303 739; x_wconf 95' lang='lat' dir='ltr'>V</span> <span class='ocrx_word' id='word_1_39' title='bbox 1323 704 1565 744; x_wconf 80' lang='lat' dir='ltr'>re-TabXVl.</span> 
     </span>
     <span class='ocr_line' id='line_1_8' title="bbox 426 756 1532 819; baseline 0 -14"><span class='ocrx_word' id='word_1_40' title='bbox 426 765 648 819; x_wconf 74' lang='lat' dir='ltr'>praesenta-ti</span> <span class='ocrx_word' id='word_1_41' title='bbox 667 795 679 814; x_wconf 92' lang='lat'>,</span> <span class='ocrx_word' id='word_1_42' title='bbox 720 763 828 803; x_wconf 85' lang='lat' dir='ltr'>huius</span> <span class='ocrx_word' id='word_1_43' title='bbox 859 760 982 802; x_wconf 84' lang='lat' dir='ltr'>limbo</span> <span class='ocrx_word' id='word_1_44' title='bbox 1010 763 1237 802; x_wconf 77' lang='lat' dir='ltr'>occidentali</span> <span class='ocrx_word' id='word_1_45' title='bbox 1269 763 1376 803; x_wconf 79' lang='lat' dir='ltr'>instar</span> <span class='ocrx_word' id='word_1_46' title='bbox 1399 756 1469 805; x_wconf 84' lang='lat' dir='ltr'>Fig.</span> <span class='ocrx_word' id='word_1_47' title='bbox 1497 768 1532 792; x_wconf 85' lang='lat'>2·</span> 
     </span>
     <span class='ocr_line' id='line_1_9' title="bbox 426 824 1380 880; baseline -0.001 -13"><span class='ocrx_word' id='word_1_48' title='bbox 426 827 611 880; x_wconf 83' lang='lat' dir='ltr'>tangentis</span> <span class='ocrx_word' id='word_1_49' title='bbox 644 825 700 866; x_wconf 84' lang='lat' dir='ltr'>ab</span> <span class='ocrx_word' id='word_1_50' title='bbox 731 825 987 876; x_wconf 80' lang='lat' dir='ltr'>adhaerebat,</span> <span class='ocrx_word' id='word_1_51' title='bbox 1026 824 1110 870; x_wconf 78' lang='lat' dir='ltr'>fic,</span> <span class='ocrx_word' id='word_1_52' title='bbox 1148 833 1190 863; x_wconf 83' lang='lat' dir='ltr'>vt</span> <span class='ocrx_word' id='word_1_53' title='bbox 1223 825 1380 878; x_wconf 80' lang='lat' dir='ltr'>abrupta</span> 
     </span>
     <span class='ocr_line' id='line_1_10' title="bbox 421 885 1379 943; baseline -0.001 -13"><span class='ocrx_word' id='word_1_54' title='bbox 421 890 524 943; x_wconf 77' lang='lat' dir='ltr'>quasi</span> <span class='ocrx_word' id='word_1_55' title='bbox 555 889 878 930; x_wconf 84' lang='lat' dir='ltr'>continuationem</span> <span class='ocrx_word' id='word_1_56' title='bbox 911 887 1079 942; x_wconf 81' lang='lat' dir='ltr'>reliquae</span> <span class='ocrx_word' id='word_1_57' title='bbox 1120 885 1225 929; x_wconf 83' lang='lat' dir='ltr'>Solis</span> <span class='ocrx_word' id='word_1_58' title='bbox 1280 888 1379 942; x_wconf 85' lang='lat' dir='ltr'>peri-</span> 
     </span>
     <span class='ocr_line' id='line_1_11' title="bbox 421 949 1379 1007; baseline 0 -15"><span class='ocrx_word' id='word_1_59' title='bbox 421 952 609 1007; x_wconf 60' lang='lat' dir='ltr'>pherme,</span> <span class='ocrx_word' id='word_1_60' title='bbox 659 954 766 994; x_wconf 83' lang='lat' dir='ltr'>cuius</span> <span class='ocrx_word' id='word_1_61' title='bbox 803 965 887 1007; x_wconf 80' lang='lat' dir='ltr'>pars</span> <span class='ocrx_word' id='word_1_62' title='bbox 928 953 974 993; x_wconf 85' lang='lat' dir='ltr'>ad</span> <span class='ocrx_word' id='word_1_63' title='bbox 1014 949 1096 992; x_wconf 86' lang='lat' dir='ltr'>AB</span> <span class='ocrx_word' id='word_1_64' title='bbox 1149 950 1379 998; x_wconf 73' lang='lat' dir='ltr'>exhibetur,</span> 
     </span>
     <span class='ocr_line' id='line_1_12' title="bbox 422 1014 1379 1066; baseline -0.001 -10"><span class='ocrx_word' id='word_1_65' title='bbox 422 1029 523 1057; x_wconf 82' lang='lat' dir='ltr'>nunc</span> <span class='ocrx_word' id='word_1_66' title='bbox 555 1029 630 1057; x_wconf 92' lang='lat' dir='ltr'>non</span> <span class='ocrx_word' id='word_1_67' title='bbox 662 1016 845 1066; x_wconf 83' lang='lat' dir='ltr'>referret,</span> <span class='ocrx_word' id='word_1_68' title='bbox 879 1015 939 1057; x_wconf 86' lang='lat' dir='ltr'>sed</span> <span class='ocrx_word' id='word_1_69' title='bbox 969 1015 1107 1056; x_wconf 83' lang='lat' dir='ltr'>limbus</span> <span class='ocrx_word' id='word_1_70' title='bbox 1139 1014 1296 1055; x_wconf 85' lang='lat' dir='ltr'>Veneris</span> <span class='ocrx_word' id='word_1_71' title='bbox 1312 1027 1379 1055; x_wconf 87' lang='lat' dir='ltr'>oc-</span> 
     </span>
     <span class='ocr_line' id='line_1_13' title="bbox 420 1077 1381 1134; baseline -0.002 -16"><span class='ocrx_word' id='word_1_72' title='bbox 420 1079 613 1121; x_wconf 76' lang='lat' dir='ltr'>cidentalis</span> <span class='ocrx_word' id='word_1_73' title='bbox 646 1080 903 1134; x_wconf 80' lang='lat' dir='ltr'>peripheriam</span> <span class='ocrx_word' id='word_1_74' title='bbox 936 1077 1056 1130; x_wconf 82' lang='lat' dir='ltr'>Solis,</span> <span class='ocrx_word' id='word_1_75' title='bbox 1080 1077 1303 1131; x_wconf 77' lang='lat' dir='ltr'>-pauxillum</span> <span class='ocrx_word' id='word_1_76' title='bbox 1338 1077 1381 1116; x_wconf 74' lang='lat' dir='ltr'>li-</span> 
     </span>
     <span class='ocr_line' id='line_1_14' title="bbox 421 1139 1382 1197; baseline -0.005 -13"><span class='ocrx_word' id='word_1_77' title='bbox 421 1152 487 1185; x_wconf 83' lang='lat' dir='ltr'>cet</span> <span class='ocrx_word' id='word_1_78' title='bbox 507 1176 517 1195; x_wconf 88' lang='lat'>‚</span> <span class='ocrx_word' id='word_1_79' title='bbox 561 1143 773 1197; x_wconf 81' lang='lat' dir='ltr'>penetmffe</span> <span class='ocrx_word' id='word_1_80' title='bbox 814 1143 1011 1184; x_wconf 79' lang='lat' dir='ltr'>videretur.</span> <span class='ocrx_word' id='word_1_81' title='bbox 1112 1139 1275 1182; x_wconf 88' lang='lat' dir='ltr'>Nouum</span> <span class='ocrx_word' id='word_1_82' title='bbox 1308 1139 1382 1180; x_wconf 83' lang='lat' dir='ltr'>huc</span> 
     </span>
     <span class='ocr_line' id='line_1_15' title="bbox 422 1204 1377 1259; baseline -0.002 -14"><span class='ocrx_word' id='word_1_83' title='bbox 422 1206 625 1246; x_wconf 58' lang='lat' dir='ltr'>&gt;accedebat</span> <span class='ocrx_word' id='word_1_84' title='bbox 651 1206 970 1259; x_wconf 75' lang='lat' dir='ltr'>phaenomenum</span> <span class='ocrx_word' id='word_1_85' title='bbox 1005 1216 1083 1245; x_wconf 85' lang='lat' dir='ltr'>non</span> <span class='ocrx_word' id='word_1_86' title='bbox 1116 1204 1377 1257; x_wconf 68' lang='lat' dir='ltr'>expeetatum.</span> 
     </span>
     <span class='ocr_line' id='line_1_16' title="bbox 422 1267 1384 1320; baseline -0.006 -8"><span class='ocrx_word' id='word_1_87' title='bbox 422 1267 576 1312; x_wconf 81' lang='lat' dir='ltr'>Scilicet</span> <span class='ocrx_word' id='word_1_88' title='bbox 613 1279 722 1311; x_wconf 86' lang='lat' dir='ltr'>extra</span> <span class='ocrx_word' id='word_1_89' title='bbox 764 1268 893 1312; x_wconf 85' lang='lat' dir='ltr'>Solem</span> <span class='ocrx_word' id='word_1_90' title='bbox 937 1268 1022 1309; x_wconf 79' lang='lat' dir='ltr'>disci</span> <span class='ocrx_word' id='word_1_91' title='bbox 1065 1267 1219 1309; x_wconf 81' lang='lat' dir='ltr'>alicuius</span> <span class='ocrx_word' id='word_1_92' title='bbox 1264 1267 1384 1320; x_wconf 83' lang='lat' dir='ltr'>nigri-</span> 
     </span>
     <span class='ocr_line' id='line_1_17' title="bbox 426 1331 1383 1387; baseline -0.007 -13"><span class='ocrx_word' id='word_1_93' title='bbox 426 1335 541 1374; x_wconf 83' lang='lat' dir='ltr'>cantis</span> <span class='ocrx_word' id='word_1_94' title='bbox 573 1342 720 1387; x_wconf 73' lang='lat' dir='ltr'>partem</span> <span class='ocrx_word' id='word_1_95' title='bbox 741 1365 752 1385; x_wconf 89' lang='lat'>,</span> <span class='ocrx_word' id='word_1_96' title='bbox 794 1346 888 1387; x_wconf 82' lang='lat' dir='ltr'>quae</span> <span class='ocrx_word' id='word_1_97' title='bbox 928 1332 1093 1373; x_wconf 81' lang='lat' dir='ltr'>notabile</span> <span class='ocrx_word' id='word_1_98' title='bbox 1126 1331 1212 1371; x_wconf 85' lang='lat' dir='ltr'>disci</span> <span class='ocrx_word' id='word_1_99' title='bbox 1254 1331 1383 1370; x_wconf 76' lang='lat' dir='ltr'>Vene-</span> 
     </span>
     <span class='ocr_line' id='line_1_18' title="bbox 424 1395 1383 1449; baseline -0.003 -13"><span class='ocrx_word' id='word_1_100' title='bbox 424 1397 474 1436; x_wconf 77' lang='lat' dir='ltr'>ris</span> <span class='ocrx_word' id='word_1_101' title='bbox 507 1397 740 1449; x_wconf 84' lang='lat' dir='ltr'>segmentum</span> <span class='ocrx_word' id='word_1_102' title='bbox 773 1397 1049 1446; x_wconf 66' lang='lat' dir='ltr'>aemulabatur,</span> <span class='ocrx_word' id='word_1_103' title='bbox 1080 1396 1118 1433; x_wconf 86' lang='lat' dir='ltr'>in</span> <span class='ocrx_word' id='word_1_104' title='bbox 1152 1395 1222 1434; x_wconf 75' lang='lat' dir='ltr'>situ</span> <span class='ocrx_word' id='word_1_105' title='bbox 1256 1406 1383 1446; x_wconf 84' lang='lat' dir='ltr'>oppo-</span> 
     </span>
     <span class='ocr_line' id='line_1_19' title="bbox 424 1455 1383 1507; baseline -0.005 -7"><span class='ocrx_word' id='word_1_106' title='bbox 424 1460 496 1500; x_wconf 83' lang='lat' dir='ltr'>fito</span> <span class='ocrx_word' id='word_1_107' title='bbox 526 1459 573 1498; x_wconf 79' lang='lat' dir='ltr'>ad</span> <span class='ocrx_word' id='word_1_108' title='bbox 606 1459 648 1500; x_wconf 95' lang='lat' dir='ltr'>D</span> <span class='ocrx_word' id='word_1_109' title='bbox 679 1471 831 1499; x_wconf 87' lang='lat' dir='ltr'>cernere</span> <span class='ocrx_word' id='word_1_110' title='bbox 862 1458 1061 1498; x_wconf 73' lang='lat' dir='ltr'>credebam</span> <span class='ocrx_word' id='word_1_111' title='bbox 1082 1487 1093 1507; x_wconf 81' lang='lat'>,</span> <span class='ocrx_word' id='word_1_112' title='bbox 1139 1457 1187 1496; x_wconf 74' lang='lat' dir='ltr'>ita</span> <span class='ocrx_word' id='word_1_113' title='bbox 1213 1487 1224 1507; x_wconf 88' lang='lat'>‚</span> <span class='ocrx_word' id='word_1_114' title='bbox 1265 1466 1306 1497; x_wconf 86' lang='lat' dir='ltr'>vt</span> <span class='ocrx_word' id='word_1_115' title='bbox 1338 1455 1383 1496; x_wconf 84' lang='lat' dir='ltr'>li-</span> 
     </span>
     <span class='ocr_line' id='line_1_20' title="bbox 424 1520 1384 1575; baseline -0.001 -14"><span class='ocrx_word' id='word_1_116' title='bbox 424 1533 495 1562; x_wconf 81' lang='lat' dir='ltr'>nea</span> <span class='ocrx_word' id='word_1_117' title='bbox 529 1521 648 1563; x_wconf 86' lang='lat' dir='ltr'>lucida</span> <span class='ocrx_word' id='word_1_118' title='bbox 681 1522 760 1574; x_wconf 81' lang='lat' dir='ltr'>ab,</span> <span class='ocrx_word' id='word_1_119' title='bbox 781 1522 890 1563; x_wconf 83' lang='lat' dir='ltr'>instar</span> <span class='ocrx_word' id='word_1_120' title='bbox 930 1520 1121 1575; x_wconf 81' lang='lat' dir='ltr'>tangentis</span> <span class='ocrx_word' id='word_1_121' title='bbox 1150 1521 1384 1571; x_wconf 81' lang='lat' dir='ltr'>communis,</span> 
     </span>
     <span class='ocr_line' id='line_1_21' title="bbox 417 1582 1383 1636; baseline -0.003 -12"><span class='ocrx_word' id='word_1_122' title='bbox 417 1585 492 1624; x_wconf 85' lang='lat' dir='ltr'>eius</span> <span class='ocrx_word' id='word_1_123' title='bbox 524 1585 781 1636; x_wconf 79' lang='lat' dir='ltr'>peripheriam</span> <span class='ocrx_word' id='word_1_124' title='bbox 818 1594 857 1623; x_wconf 88' lang='lat' dir='ltr'>et</span> <span class='ocrx_word' id='word_1_125' title='bbox 890 1586 1103 1636; x_wconf 79' lang='lat' dir='ltr'>marginem</span> <span class='ocrx_word' id='word_1_126' title='bbox 1137 1582 1296 1623; x_wconf 80' lang='lat' dir='ltr'>Veneris</span> <span class='ocrx_word' id='word_1_127' title='bbox 1315 1595 1383 1622; x_wconf 85' lang='lat' dir='ltr'>oc-</span> 
     </span>
     <span class='ocr_line' id='line_1_22' title="bbox 425 1645 1382 1699; baseline 0 -15"><span class='ocrx_word' id='word_1_128' title='bbox 425 1645 652 1686; x_wconf 77' lang='lat' dir='ltr'>cidentalem</span> <span class='ocrx_word' id='word_1_129' title='bbox 686 1646 879 1699; x_wconf 82' lang='lat' dir='ltr'>separaret.</span> <span class='ocrx_word' id='word_1_130' title='bbox 976 1646 1272 1697; x_wconf 80' lang='lat' dir='ltr'>Nonnunquam</span> <span class='ocrx_word' id='word_1_131' title='bbox 1295 1645 1382 1685; x_wconf 71' lang='lat' dir='ltr'>loco</span> 
     </span>
     <span class='ocr_line' id='line_1_23' title="bbox 427 1707 1381 1761; baseline 0.001 -15"><span class='ocrx_word' id='word_1_132' title='bbox 427 1708 615 1760; x_wconf 83' lang='lat' dir='ltr'>segmenti</span> <span class='ocrx_word' id='word_1_133' title='bbox 648 1709 694 1750; x_wconf 80' lang='lat' dir='ltr'>ad</span> <span class='ocrx_word' id='word_1_134' title='bbox 744 1708 807 1761; x_wconf 81' lang='lat' dir='ltr'>D,</span> <span class='ocrx_word' id='word_1_135' title='bbox 856 1707 961 1748; x_wconf 78' lang='lat' dir='ltr'>fascia</span> <span class='ocrx_word' id='word_1_136' title='bbox 1015 1709 1202 1760; x_wconf 70' lang='lat' dir='ltr'>nigricans</span> <span class='ocrx_word' id='word_1_137' title='bbox 1222 1739 1234 1758; x_wconf 81' lang='lat'>,</span> <span class='ocrx_word' id='word_1_138' title='bbox 1288 1720 1381 1760; x_wconf 75' lang='lat' dir='ltr'>qnae</span> 
     </span>
     <span class='ocr_line' id='line_1_24' title="bbox 402 1764 1383 1823; baseline 0.001 -13"><span class='ocrx_word' id='word_1_139' title='bbox 402 1764 621 1812; x_wconf 75' lang='lat' dir='ltr'>&#39;latitudine</span> <span class='ocrx_word' id='word_1_140' title='bbox 655 1772 881 1812; x_wconf 81' lang='lat' dir='ltr'>diametrum</span> <span class='ocrx_word' id='word_1_141' title='bbox 918 1771 1003 1812; x_wconf 82' lang='lat' dir='ltr'>disci</span> <span class='ocrx_word' id='word_1_142' title='bbox 1043 1771 1207 1811; x_wconf 86' lang='lat' dir='ltr'>Veneris</span> <span class='ocrx_word' id='word_1_143' title='bbox 1247 1783 1383 1823; x_wconf 82' lang='lat' dir='ltr'>aequa-</span> 
     </span>
     <span class='ocr_line' id='line_1_25' title="bbox 426 1833 1383 1889; baseline 0 -15"><span class='ocrx_word' id='word_1_144' title='bbox 426 1834 492 1874; x_wconf 80' lang='lat' dir='ltr'>bat</span> <span class='ocrx_word' id='word_1_145' title='bbox 513 1867 524 1887; x_wconf 79' lang='lat'>‚</span> <span class='ocrx_word' id='word_1_146' title='bbox 565 1835 614 1874; x_wconf 88' lang='lat' dir='ltr'>fic</span> <span class='ocrx_word' id='word_1_147' title='bbox 645 1836 940 1889; x_wconf 74' lang='lat' dir='ltr'>conspiciebatur</span> <span class='ocrx_word' id='word_1_148' title='bbox 961 1865 970 1879; x_wconf 93' lang='lat'>‚</span> <span class='ocrx_word' id='word_1_149' title='bbox 1019 1846 1061 1875; x_wconf 81' lang='lat' dir='ltr'>ac</span> <span class='ocrx_word' id='word_1_150' title='bbox 1096 1834 1121 1874; x_wconf 86' lang='lat' dir='ltr'><strong>fi</strong></span> <span class='ocrx_word' id='word_1_151' title='bbox 1155 1833 1383 1884; x_wconf 69' lang='lat' dir='ltr'>discusve-</span> 
     </span>
     <span class='ocr_line' id='line_1_26' title="bbox 429 1897 1383 1952; baseline 0.001 -16"><span class='ocrx_word' id='word_1_152' title='bbox 429 1898 530 1936; x_wconf 85' lang='lat' dir='ltr'>neris</span> <span class='ocrx_word' id='word_1_153' title='bbox 562 1898 757 1950; x_wconf 73' lang='lat' dir='ltr'>Vmbram,</span> <span class='ocrx_word' id='word_1_154' title='bbox 777 1899 945 1938; x_wconf 84' lang='lat' dir='ltr'>terminis</span> <span class='ocrx_word' id='word_1_155' title='bbox 980 1897 1163 1950; x_wconf 75' lang='lat' dir='ltr'>parallelis</span> <span class='ocrx_word' id='word_1_156' title='bbox 1199 1910 1383 1952; x_wconf 79' lang='lat' dir='ltr'>compre--</span> 
     </span>
     <span class='ocr_line' id='line_1_27' title="bbox 428 1960 1389 2014; baseline -0.001 -13"><span class='ocrx_word' id='word_1_157' title='bbox 428 1960 721 2012; x_wconf 74' lang='lat' dir='ltr'>henfi1m‚extra</span> <span class='ocrx_word' id='word_1_158' title='bbox 754 1961 892 2003; x_wconf 86' lang='lat' dir='ltr'>discum</span> <span class='ocrx_word' id='word_1_159' title='bbox 926 1960 1026 2002; x_wconf 86' lang='lat' dir='ltr'>Solis</span> <span class='ocrx_word' id='word_1_160' title='bbox 1060 1961 1288 2014; x_wconf 69' lang='lat' dir='ltr'>proficeret,</span> <span class='ocrx_word' id='word_1_161' title='bbox 1323 1962 1389 2001; x_wconf 55' lang='lat' dir='ltr'>inm</span> 
     </span>
     <span class='ocr_line' id='line_1_28' title="bbox 427 2024 1381 2067; baseline 0.003 -4"><span class='ocrx_word' id='word_1_162' title='bbox 427 2024 579 2065; x_wconf 76' lang='lat' dir='ltr'>teriec&#39;ta</span> <span class='ocrx_word' id='word_1_163' title='bbox 612 2034 742 2066; x_wconf 84' lang='lat' dir='ltr'>tamen</span> <span class='ocrx_word' id='word_1_164' title='bbox 776 2027 822 2067; x_wconf 83' lang='lat' dir='ltr'>ad</span> <span class='ocrx_word' id='word_1_165' title='bbox 856 2025 911 2065; x_wconf 74' lang='lat' dir='ltr'>ab</span> <span class='ocrx_word' id='word_1_166' title='bbox 943 2024 1097 2065; x_wconf 77' lang='lat' dir='ltr'>lineola.</span> <span class='ocrx_word' id='word_1_167' title='bbox 1177 2024 1381 2066; x_wconf 73' lang='lat' dir='ltr'>Fallaciam</span> 
     </span>
     <span class='ocr_line' id='line_1_29' title="bbox 425 2087 1382 2142; baseline 0.002 -16"><span class='ocrx_word' id='word_1_168' title='bbox 425 2087 528 2128; x_wconf 58' lang='lat' dir='ltr'>visus</span> <span class='ocrx_word' id='word_1_169' title='bbox 558 2088 632 2129; x_wconf 92' lang='lat' dir='ltr'>hoc</span> <span class='ocrx_word' id='word_1_170' title='bbox 671 2088 985 2142; x_wconf 85' lang='lat' dir='ltr'>phaenomenum</span> <span class='ocrx_word' id='word_1_171' title='bbox 1021 2089 1197 2129; x_wconf 78' lang='lat' dir='ltr'>denotare</span> <span class='ocrx_word' id='word_1_172' title='bbox 1231 2089 1382 2142; x_wconf 83' lang='lat' dir='ltr'>quisque</span> 
     </span>
     <span class='ocr_line' id='line_1_30' title="bbox 427 2150 1382 2206; baseline 0.002 -16"><span class='ocrx_word' id='word_1_173' title='bbox 427 2150 495 2191; x_wconf 84' lang='lat' dir='ltr'>fibi</span> <span class='ocrx_word' id='word_1_174' title='bbox 527 2152 766 2205; x_wconf 82' lang='lat' dir='ltr'>persuadebit.</span> <span class='ocrx_word' id='word_1_175' title='bbox 834 2154 995 2194; x_wconf 86' lang='lat' dir='ltr'>Interim</span> <span class='ocrx_word' id='word_1_176' title='bbox 1032 2162 1160 2194; x_wconf 78' lang='lat' dir='ltr'>tamen</span> <span class='ocrx_word' id='word_1_177' title='bbox 1182 2151 1274 2193; x_wconf 83' lang='lat' dir='ltr'>istud</span> <span class='ocrx_word' id='word_1_178' title='bbox 1293 2164 1382 2206; x_wconf 83' lang='lat' dir='ltr'>per-</span> 
     </span>
     <span class='ocr_line' id='line_1_31' title="bbox 429 2213 813 2271; baseline 0.008 -17"><span class='ocrx_word' id='word_1_179' title='bbox 429 2213 587 2256; x_wconf 81' lang='lat' dir='ltr'>durabat</span> <span class='ocrx_word' id='word_1_180' title='bbox 618 2228 734 2271; x_wconf 72' lang='lat' dir='ltr'>Vsque</span> <span class='ocrx_word' id='word_1_181' title='bbox 767 2217 813 2257; x_wconf 76' lang='lat' dir='ltr'>ad</span> 
     </span>
    </p>
   </div>
   <div class='ocr_carea' id='block_1_3' title="bbox 178 2283 1375 2348">
    <p class='ocr_par' dir='ltr' id='par_1_3' title="bbox 178 2263 1375 2348">
     <span class='ocr_line' id='line_1_32' title="bbox 178 2283 1375 2348; baseline -0.006 -17"><span class='ocrx_word' id='word_1_182' title='bbox 178 2283 658 2348; x_wconf 54' lang='grc' dir='ltr'>ΤοτκμΧᾸΝἶοιι.(Ζοηπῃτ</span> <span class='ocrx_word' id='word_1_183' title='bbox 943 2286 972 2328; x_wconf 92' lang='lat' dir='ltr'>P</span> <span class='ocrx_word' id='word_1_184' title='bbox 988 2299 1061 2342; x_wconf 87' lang='lat' dir='ltr'>pp</span> <span class='ocrx_word' id='word_1_185' title='bbox 1316 2296 1342 2333; x_wconf 79' lang='lat'>9</span> <span class='ocrx_word' id='word_1_186' title='bbox 1365 2312 1375 2324; x_wconf 44' lang='lat' dir='ltr'>r</span> 
     </span>
    </p>
   </div>
  </div>
 </body>
</html>
