1972 2652
559 186 604 276 ζ
847 220 948 264 DE
1009 216 1538 264 REDVcTroNE

558 335 738 392 gumenti
771 335 964 388 expectari
996 334 1150 387 poterit.
1249 333 1448 388 Imprimis
1481 344 1609 376 autem
1643 333 1708 375 hic
1737 332 1829 375 ido-

559 414 650 442 neus
683 400 844 454 signandi
880 399 1017 439 modus
1050 397 1246 438 desiderari
1279 400 1460 451 videtur,
1507 402 1609 439 cuius
1641 411 1716 452 ope
1764 408 1825 439 ar·

558 478 621 506 cus
657 465 818 517 elliptici
844 475 960 516 aeque
994 462 1201 502 commode
1236 461 1271 500 in
1305 463 1447 502 calculo
1479 463 1648 517 exprimi
1668 471 1826 516 queant,

557 541 599 569 ac
635 528 711 568 iam
748 526 967 581 logarithmi
998 536 1035 566 et
1067 539 1171 566 arcu>
1200 525 1395 566 circulares
1428 526 1473 566 ad
1526 527 1669 579 insigne
1721 526 1825 565 Ana-

557 592 677 643 lyseos
712 592 990 633 incrementum
1026 603 1091 643 per
1124 591 1260 630 idonea
1294 590 1394 643 figna
1427 592 1467 631 in
1513 591 1697 631 calculum
1744 589 1826 637 sunt

555 655 772 695 introducti.
872 654 980 695 Talia
1030 653 1132 706 signa
1183 664 1324 691 nouam
1360 654 1550 706 quandam
1583 651 1711 692 calculi
1741 652 1826 704 spe·-

555 720 656 759 ciem
707 717 1031 772 suppeditabunt,
1079 717 1185 756 cuius
1231 714 1297 755 hic
1349 716 1448 770 quasi
1482 717 1608 770 prima
1640 711 1829 757 elementa

556 793 751 836 exponere
783 780 975 821 constitui.

693 843 1037 901 Quemadmodum
1070 848 1196 882 autem
1232 838 1368 882 omnes
1402 853 1506 882 arcus
1538 842 1740 884 circulares·
1777 841 1827 884 ad*

554 909 737 950 circulum
759 941 770 960 ,
804 908 906 949 cuius
938 907 1058 947 radius
1091 905 1230 945 vnitati
1266 906 1423 958 aequalis
1455 905 1624 946 statuitur
1642 935 1659 954 ,s
1696 906 1826 947 referri

554 973 698 1023 solent,
733 973 781 1012 ita
816 972 930 1012 etiam
966 982 1040 1024 pro
1072 970 1247 1009 omnibus
1280 968 1506 1010 sectionibus
1539 971 1702 1021 conicis‚
1733 983 1824 1024 quas

555 1036 595 1075 in
647 1036 830 1076 calculum
885 1034 1054 1087 recipere
1108 1032 1286 1073 volumus
1307 1062 1318 1076 ,
1367 1034 1577 1073 mensuram
1630 1035 1822 1087 quandam

554 1098 679 1140 fixam
713 1100 860 1139 vnitate
892 1097 1185 1150 exprimendam
1219 1096 1351 1136 affumi
1384 1097 1618 1146 conueniet,
1648 1108 1743 1148 quae
1776 1097 1823 1137 ad

553 1173 688 1202 omnes
719 1162 852 1215 species
883 1171 1000 1213 aeque
1036 1159 1235 1212 pertineat.
1321 1157 1558 1211 Perspicuum
1594 1162 1723 1199 autem
1754 1158 1829 1215 est,

553 1226 651 1266 hanc
685 1224 894 1264 mensuram
930 1223 992 1261 axi
1025 1219 1230 1260 transuerso
1263 1220 1377 1259 tribui
1413 1233 1491 1260 non
1543 1222 1648 1274 poffe
1671 1253 1682 1273 ‚
1731 1235 1821 1274 cum

553 1290 584 1328 is
614 1289 655 1327 in
688 1285 867 1340 parabola
901 1282 1098 1323 neceffario
1141 1282 1210 1321 fiat
1257 1282 1453 1335 infinitus,
1506 1284 1546 1323 in
1595 1280 1822 1338 hyperbolis']

553 1360 684 1392 autem
719 1349 935 1402 negatiuum
976 1346 1153 1386 valorem
1203 1348 1475 1400 consequatur:
1522 1358 1638 1400 aeque
1687 1361 1824 1401 parum:

553 1415 635 1456 axis
665 1413 882 1466 coniugatus
911 1410 957 1450 ad
990 1409 1068 1449 hoc
1107 1408 1315 1451 institutum
1366 1410 1419 1450 est
1469 1412 1782 1452 accommodatus
1802 1423 1821 1462 ,ε

554 1479 693 1532 quippe
729 1477 793 1530 qui
828 1476 866 1515 iu
898 1473 1074 1528 parabola
1104 1487 1254 1527 quoque
1284 1471 1329 1514 fit
1363 1473 1536 1514 infinitus
1557 1505 1572 1526 ‚
1606 1484 1643 1515 et
1674 1466 1713 1515 in
1746 1465 1822 1528 hy)

554 1541 717 1595 perbolis
750 1539 921 1579 valorem
957 1538 1051 1578 adeo
1085 1538 1346 1590 imaginarium
1381 1537 1605 1590 adipiscitur.
1680 1539 1820 1580 Relin-

553 1605 678 1658 quitur
712 1603 828 1656 igitur
861 1611 1080 1656 parameter
1102 1632 1114 1652 ‚
1147 1602 1229 1652 cui,
1261 1601 1461 1654 quominus
1495 1612 1681 1654 perpetuo
1714 1603 1827 1645 valor

554 1669 652 1709 fixus
687 1667 800 1707 tribui
831 1676 972 1720 queat,
1008 1664 1105 1705 nihil
1140 1665 1248 1718 plane
1282 1664 1434 1717 obstat3
1468 1674 1505 1703 et
1537 1666 1716 1717 quoniam
1746 1679 1826 1719 pro·

551 1731 690 1772 circulo
720 1740 932 1783 pai-ameter
964 1729 1042 1768 abit
1073 1730 1111 1768 in
1146 1729 1410 1777 diametrum,
1460 1726 1638 1780 huiusque
1670 1727 1823 1769 [emistis

552 1795 695 1834 vnitate
730 1793 894 1846 exprimi
929 1792 1020 1831 solet
1041 1818 1052 1840 ‚
1106 1791 1317 1830 constanter
1353 1791 1390 1828 in
1431 1791 1659 1843 sequentibus
1710 1803 1820 1845 para·

506 1893 510 1896 .
551 1868 714 1898 metrum
749 1858 896 1896 binario
931 1854 1135 1904 indicabo,
1188 1864 1230 1892 vt
1260 1855 1334 1892 eius
1367 1852 1515 1892 semiffis
1554 1854 1698 1896 vnitate
1747 1854 1823 1895 ex÷

553 1921 752 1973 primatus.

950 1990 1300 2074 Hypothefis
1388 2016 1428 2052 1.

706 2116 746 2142 1.
780 2102 971 2156 Perpetuo
1012 2101 1122 2153 igitur
1158 2101 1254 2142 mihi
1288 2099 1412 2146 vnitas
1444 2099 1821 2155 semiparametrum,

553 2170 611 2210 seu
646 2166 829 2210 semilatus
861 2166 1008 2207 testum
1043 2164 1220 2207 sectionis
1251 2165 1426 2218 eunicae,
1458 2159 1692 2221 expriman

1662 2231 1816 2279 coron.
