<?xml version="1.0" encoding="UTF-8"?>
<!DOCTYPE html PUBLIC "-//W3C//DTD XHTML 1.0 Transitional//EN"
    "http://www.w3.org/TR/xhtml1/DTD/xhtml1-transitional.dtd">
<html xmlns="http://www.w3.org/1999/xhtml" xml:lang="en" lang="en">
 <head>
  <title>
</title>
<meta http-equiv="Content-Type" content="text/html;charset=utf-8" />
  <meta name='ocr-system' content='tesseract 3.04.00' />
  <meta name='ocr-capabilities' content='ocr_page ocr_carea ocr_par ocr_line ocrx_word'/>
</head>
<body>
  <div class='ocr_page' id='page_1' title='image "./novicommentariac10impe_0074.png"; bbox 0 0 1972 2652; ppageno 0'>
   <div class='ocr_carea' id='block_1_1' title="bbox 523 205 1368 362">
    <p class='ocr_par' dir='ltr' id='par_1_1' title="bbox 523 205 1368 362">
     <span class='ocr_line' id='line_1_1' title="bbox 523 205 1368 264; baseline -0.02 10"><span class='ocrx_word' id='word_1_1' title='bbox 523 216 592 251; x_wconf 52' lang='lat'>⁶⁶&gt;</span> <span class='ocrx_word' id='word_1_2' title='bbox 948 211 1066 261; x_wconf 57' lang='lat' dir='ltr'>»ee</span> <span class='ocrx_word' id='word_1_3' title='bbox 1095 209 1115 264; x_wconf 86' lang='grc'>)·</span> <span class='ocrx_word' id='word_1_4' title='bbox 1143 221 1172 250; x_wconf 86' lang='lat'><em>0</em></span> <span class='ocrx_word' id='word_1_5' title='bbox 1206 205 1368 262; x_wconf 53' lang='lat' dir='ltr'>(eea-</span> 
     </span>
     <span class='ocr_line' id='line_1_2' title="bbox 1129 322 1184 362; baseline -0.018 0"><span class='ocrx_word' id='word_1_6' title='bbox 1129 322 1184 362; x_wconf 88' lang='lat' dir='ltr'>V.</span> 
     </span>
    </p>
   </div>
   <div class='ocr_carea' id='block_1_2' title="bbox 552 426 1763 575">
    <p class='ocr_par' dir='ltr' id='par_1_2' title="bbox 552 426 1763 575">
     <span class='ocr_line' id='line_1_3' title="bbox 552 426 1763 509; baseline -0.006 -18"><span class='ocrx_word' id='word_1_7' title='bbox 552 428 1044 492; x_wconf 80' lang='lat' dir='ltr'>Considerationes</span> <span class='ocrx_word' id='word_1_8' title='bbox 1091 430 1166 489; x_wconf 87' lang='lat' dir='ltr'>de</span> <span class='ocrx_word' id='word_1_9' title='bbox 1221 439 1388 488; x_wconf 86' lang='lat' dir='ltr'>motu</span> <span class='ocrx_word' id='word_1_10' title='bbox 1433 426 1763 509; x_wconf 75' lang='lat' dir='ltr'>Corporum.</span> 
     </span>
     <span class='ocr_line' id='line_1_4' title="bbox 975 512 1346 575; baseline -0.008 -1"><span class='ocrx_word' id='word_1_11' title='bbox 975 512 1346 575; x_wconf 87' lang='lat' dir='ltr'>Coelestium.</span> 
     </span>
    </p>
   </div>
   <div class='ocr_carea' id='block_1_3' title="bbox 615 645 1718 726">
    <p class='ocr_par' dir='ltr' id='par_1_3' title="bbox 615 645 1718 726">
     <span class='ocr_line' id='line_1_5' title="bbox 615 645 1718 726; baseline -0.011 -14"><span class='ocrx_word' id='word_1_12' title='bbox 615 647 874 712; x_wconf 66' lang='lat' dir='ltr'>Aqure</span> <span class='ocrx_word' id='word_1_13' title='bbox 915 645 1107 707; x_wconf 58' lang='lat' dir='ltr'>Leon„</span> <span class='ocrx_word' id='word_1_14' title='bbox 1137 645 1347 707; x_wconf 86' lang='lat' dir='ltr'>Eulero</span> <span class='ocrx_word' id='word_1_15' title='bbox 1379 662 1509 726; x_wconf 63' lang='lat' dir='ltr'>pag„</span> <span class='ocrx_word' id='word_1_16' title='bbox 1559 661 1718 724; x_wconf 50' lang='lat'>544⁴„</span> 
     </span>
    </p>
   </div>
   <div class='ocr_carea' id='block_1_4' title="bbox 533 798 1825 2194">
    <p class='ocr_par' dir='ltr' id='par_1_4' title="bbox 533 798 1825 2063">
     <span class='ocr_line' id='line_1_6' title="bbox 533 798 1808 911; baseline -0.002 -63"><span class='ocrx_word' id='word_1_17' title='bbox 533 798 697 911; x_wconf 87' lang='lat' dir='ltr'>Licet</span> <span class='ocrx_word' id='word_1_18' title='bbox 729 806 894 847; x_wconf 89' lang='lat' dir='ltr'>nullum</span> <span class='ocrx_word' id='word_1_19' title='bbox 927 806 978 846; x_wconf 88' lang='lat' dir='ltr'>s1t</span> <span class='ocrx_word' id='word_1_20' title='bbox 1011 803 1203 855; x_wconf 89' lang='lat' dir='ltr'>dubium,</span> <span class='ocrx_word' id='word_1_21' title='bbox 1232 805 1330 858; x_wconf 88' lang='lat' dir='ltr'>quin</span> <span class='ocrx_word' id='word_1_22' title='bbox 1363 802 1473 854; x_wconf 85' lang='lat' dir='ltr'>leges</span> <span class='ocrx_word' id='word_1_23' title='bbox 1492 834 1505 855; x_wconf 84' lang='lat'>‚</span> <span class='ocrx_word' id='word_1_24' title='bbox 1539 802 1683 857; x_wconf 88' lang='lat' dir='ltr'>quibus</span> <span class='ocrx_word' id='word_1_25' title='bbox 1708 815 1808 845; x_wconf 51' lang='lat' dir='ltr'>cote</span> 
     </span>
     <span class='ocr_line' id='line_1_7' title="bbox 653 866 1802 926; baseline -0.006 -13"><span class='ocrx_word' id='word_1_26' title='bbox 653 885 749 926; x_wconf 83' lang='lat' dir='ltr'>pora</span> <span class='ocrx_word' id='word_1_27' title='bbox 779 869 963 912; x_wconf 84' lang='lat' dir='ltr'>coelestia</span> <span class='ocrx_word' id='word_1_28' title='bbox 998 870 1040 909; x_wconf 90' lang='lat' dir='ltr'>in</span> <span class='ocrx_word' id='word_1_29' title='bbox 1071 868 1250 912; x_wconf 85' lang='lat' dir='ltr'>motibus</span> <span class='ocrx_word' id='word_1_30' title='bbox 1283 868 1360 908; x_wconf 83' lang='lat' dir='ltr'>suis</span> <span class='ocrx_word' id='word_1_31' title='bbox 1390 867 1603 918; x_wconf 88' lang='lat' dir='ltr'>obediunt,</span> <span class='ocrx_word' id='word_1_32' title='bbox 1637 880 1660 911; x_wconf 83' lang='lat' dir='ltr'>a</span> <span class='ocrx_word' id='word_1_33' title='bbox 1692 866 1802 920; x_wconf 83' lang='lat' dir='ltr'>Kep-</span> 
     </span>
     <span class='ocr_line' id='line_1_8' title="bbox 535 931 1805 985; baseline -0.006 -9"><span class='ocrx_word' id='word_1_34' title='bbox 535 934 613 976; x_wconf 84' lang='lat' dir='ltr'>lero</span> <span class='ocrx_word' id='word_1_35' title='bbox 648 934 821 977; x_wconf 62' lang='lat' dir='ltr'>detectae</span> <span class='ocrx_word' id='word_1_36' title='bbox 837 965 849 985; x_wconf 92' lang='lat'>,</span> <span class='ocrx_word' id='word_1_37' title='bbox 879 947 901 974; x_wconf 86' lang='lat' dir='ltr'>a</span> <span class='ocrx_word' id='word_1_38' title='bbox 935 931 1111 975; x_wconf 86' lang='lat' dir='ltr'>Neutono</span> <span class='ocrx_word' id='word_1_39' title='bbox 1146 945 1245 974; x_wconf 84' lang='lat' dir='ltr'>vero</span> <span class='ocrx_word' id='word_1_40' title='bbox 1271 933 1313 972; x_wconf 89' lang='lat' dir='ltr'>in</span> <span class='ocrx_word' id='word_1_41' title='bbox 1347 931 1580 972; x_wconf 85' lang='lat' dir='ltr'>maximum</span> <span class='ocrx_word' id='word_1_42' title='bbox 1606 931 1805 972; x_wconf 73' lang='lat' dir='ltr'>Astrono-</span> 
     </span>
     <span class='ocr_line' id='line_1_9' title="bbox 538 995 1807 1048; baseline -0.004 -9"><span class='ocrx_word' id='word_1_43' title='bbox 538 1000 646 1039; x_wconf 83' lang='lat' dir='ltr'><strong>miae</strong></span> <span class='ocrx_word' id='word_1_44' title='bbox 698 1002 1002 1041; x_wconf 85' lang='lat' dir='ltr'>incrementum</span> <span class='ocrx_word' id='word_1_45' title='bbox 1052 997 1340 1039; x_wconf 82' lang='lat' dir='ltr'>demonstratae</span> <span class='ocrx_word' id='word_1_46' title='bbox 1375 995 1452 1037; x_wconf 87' lang='lat' dir='ltr'>smt</span> <span class='ocrx_word' id='word_1_47' title='bbox 1474 1027 1491 1048; x_wconf 74' lang='lat'>,.</span> <span class='ocrx_word' id='word_1_48' title='bbox 1532 996 1704 1036; x_wconf 89' lang='lat' dir='ltr'>minime</span> <span class='ocrx_word' id='word_1_49' title='bbox 1744 1002 1807 1034; x_wconf 79' lang='lat' dir='ltr'>ta-</span> 
     </span>
     <span class='ocr_line' id='line_1_10' title="bbox 540 1056 1809 1106; baseline -0.003 -5"><span class='ocrx_word' id='word_1_50' title='bbox 540 1073 634 1102; x_wconf 87' lang='lat' dir='ltr'>men</span> <span class='ocrx_word' id='word_1_51' title='bbox 685 1065 1003 1106; x_wconf 65' lang='lat' dir='ltr'>existimandum,</span> <span class='ocrx_word' id='word_1_52' title='bbox 1048 1063 1108 1102; x_wconf 85' lang='lat' dir='ltr'>est</span> <span class='ocrx_word' id='word_1_53' title='bbox 1155 1060 1357 1102; x_wconf 78' lang='lat' dir='ltr'>theoriam:</span> <span class='ocrx_word' id='word_1_54' title='bbox 1409 1061 1694 1101; x_wconf 78' lang='lat' dir='ltr'>Astronomiae</span> <span class='ocrx_word' id='word_1_55' title='bbox 1758 1056 1809 1098; x_wconf 81' lang='lat' dir='ltr'>ad</span> 
     </span>
     <span class='ocr_line' id='line_1_11' title="bbox 539 1118 1809 1175; baseline -0.006 -10"><span class='ocrx_word' id='word_1_56' title='bbox 539 1123 757 1165; x_wconf 87' lang='lat' dir='ltr'>summum</span> <span class='ocrx_word' id='word_1_57' title='bbox 789 1126 965 1175; x_wconf 85' lang='lat' dir='ltr'>gradum</span> <span class='ocrx_word' id='word_1_58' title='bbox 998 1124 1252 1175; x_wconf 68' lang='lat' dir='ltr'>perfcstionis</span> <span class='ocrx_word' id='word_1_59' title='bbox 1284 1122 1466 1161; x_wconf 68' lang='lat' dir='ltr'>emet-am</span> <span class='ocrx_word' id='word_1_60' title='bbox 1503 1121 1594 1164; x_wconf 79' lang='lat' dir='ltr'>effe..</span> <span class='ocrx_word' id='word_1_61' title='bbox 1670 1118 1809 1162; x_wconf 76' lang='lat' dir='ltr'>Possu-</span> 
     </span>
     <span class='ocr_line' id='line_1_12' title="bbox 541 1184 1813 1241; baseline -0.002 -13"><span class='ocrx_word' id='word_1_62' title='bbox 541 1200 634 1228; x_wconf 86' lang='lat' dir='ltr'>mus</span> <span class='ocrx_word' id='word_1_63' title='bbox 669 1188 859 1241; x_wconf 80' lang='lat' dir='ltr'>equidem</span> <span class='ocrx_word' id='word_1_64' title='bbox 890 1195 1055 1226; x_wconf 91' lang='lat' dir='ltr'>motum</span> <span class='ocrx_word' id='word_1_65' title='bbox 1087 1187 1270 1223; x_wconf 88' lang='lat' dir='ltr'>duorum</span> <span class='ocrx_word' id='word_1_66' title='bbox 1309 1195 1531 1234; x_wconf 83' lang='lat' dir='ltr'>corporum</span> <span class='ocrx_word' id='word_1_67' title='bbox 1577 1186 1619 1224; x_wconf 90' lang='lat' dir='ltr'>in</span> <span class='ocrx_word' id='word_1_68' title='bbox 1657 1184 1813 1226; x_wconf 81' lang='lat' dir='ltr'>ratione.</span> 
     </span>
     <span class='ocr_line' id='line_1_13' title="bbox 545 1245 1812 1297; baseline -0.003 -7"><span class='ocrx_word' id='word_1_69' title='bbox 545 1251 699 1291; x_wconf 69' lang='lat' dir='ltr'>direeca</span> <span class='ocrx_word' id='word_1_70' title='bbox 735 1247 953 1289; x_wconf 66' lang='lat' dir='ltr'>maflarum</span> <span class='ocrx_word' id='word_1_71' title='bbox 994 1254 1039 1284; x_wconf 88' lang='lat' dir='ltr'>et.</span> <span class='ocrx_word' id='word_1_72' title='bbox 1077 1245 1237 1285; x_wconf 83' lang='lat' dir='ltr'>inuersa.</span> <span class='ocrx_word' id='word_1_73' title='bbox 1274 1246 1567 1297; x_wconf 79' lang='lat' dir='ltr'>quadratorum</span> <span class='ocrx_word' id='word_1_74' title='bbox 1607 1247 1812 1286; x_wconf 81' lang='lat' dir='ltr'>distantia-</span> 
     </span>
     <span class='ocr_line' id='line_1_14' title="bbox 546 1307 1811 1363; baseline -0.004 -9"><span class='ocrx_word' id='word_1_75' title='bbox 546 1325 645 1354; x_wconf 84' lang='lat' dir='ltr'>rum</span> <span class='ocrx_word' id='word_1_76' title='bbox 674 1313 716 1352; x_wconf 88' lang='lat' dir='ltr'>in</span> <span class='ocrx_word' id='word_1_77' title='bbox 751 1311 826 1352; x_wconf 84' lang='lat' dir='ltr'>sese</span> <span class='ocrx_word' id='word_1_78' title='bbox 859 1309 1071 1362; x_wconf 82' lang='lat' dir='ltr'>agentium</span> <span class='ocrx_word' id='word_1_79' title='bbox 1095 1340 1106 1358; x_wconf 92' lang='lat'><strong>‚</strong></span> <span class='ocrx_word' id='word_1_80' title='bbox 1140 1308 1312 1363; x_wconf 64' lang='lat' dir='ltr'>perfefte</span> <span class='ocrx_word' id='word_1_81' title='bbox 1346 1309 1545 1349; x_wconf 66' lang='lat' dir='ltr'>definiret</span> <span class='ocrx_word' id='word_1_82' title='bbox 1590 1320 1737 1349; x_wconf 80' lang='lat' dir='ltr'>verum</span> <span class='ocrx_word' id='word_1_83' title='bbox 1779 1307 1811 1349; x_wconf 82' lang='lat' dir='ltr'><strong>fi</strong></span> 
     </span>
     <span class='ocr_line' id='line_1_15' title="bbox 547 1370 1811 1427; baseline -0.005 -10"><span class='ocrx_word' id='word_1_84' title='bbox 547 1378 595 1417; x_wconf 88' lang='lat' dir='ltr'>iis</span> <span class='ocrx_word' id='word_1_85' title='bbox 635 1376 798 1417; x_wconf 38' lang='lat' dir='ltr'>accedat*</span> <span class='ocrx_word' id='word_1_86' title='bbox 835 1378 1004 1416; x_wconf 79' lang='lat' dir='ltr'>tertium</span> <span class='ocrx_word' id='word_1_87' title='bbox 1025 1403 1042 1424; x_wconf 71' lang='lat'>‚,</span> <span class='ocrx_word' id='word_1_88' title='bbox 1079 1382 1127 1414; x_wconf 80' lang='lat' dir='ltr'>vt</span> <span class='ocrx_word' id='word_1_89' title='bbox 1168 1385 1300 1413; x_wconf 85' lang='lat' dir='ltr'>vnum</span> <span class='ocrx_word' id='word_1_90' title='bbox 1340 1374 1527 1427; x_wconf 90' lang='lat' dir='ltr'>quodque</span> <span class='ocrx_word' id='word_1_91' title='bbox 1571 1374 1612 1413; x_wconf 92' lang='lat' dir='ltr'>in</span> <span class='ocrx_word' id='word_1_92' title='bbox 1654 1370 1811 1425; x_wconf 82' lang='lat' dir='ltr'>reliqua</span> 
     </span>
     <span class='ocr_line' id='line_1_16' title="bbox 546 1435 1813 1491; baseline -0.005 -9"><span class='ocrx_word' id='word_1_93' title='bbox 546 1441 763 1482; x_wconf 85' lang='lat' dir='ltr'>secundum</span> <span class='ocrx_word' id='word_1_94' title='bbox 797 1437 912 1479; x_wconf 87' lang='lat' dir='ltr'>illam</span> <span class='ocrx_word' id='word_1_95' title='bbox 947 1439 1078 1490; x_wconf 87' lang='lat' dir='ltr'>legem</span> <span class='ocrx_word' id='word_1_96' title='bbox 1114 1447 1226 1491; x_wconf 82' lang='lat' dir='ltr'>agat,</span> <span class='ocrx_word' id='word_1_97' title='bbox 1261 1439 1395 1478; x_wconf 91' lang='lat' dir='ltr'>motui</span> <span class='ocrx_word' id='word_1_98' title='bbox 1428 1449 1574 1479; x_wconf 83' lang='lat' dir='ltr'>eorum</span> <span class='ocrx_word' id='word_1_99' title='bbox 1606 1435 1813 1477; x_wconf 84' lang='lat' dir='ltr'>enodando</span> 
     </span>
     <span class='ocr_line' id='line_1_17' title="bbox 549 1500 1813 1558; baseline -0.006 -12"><span class='ocrx_word' id='word_1_100' title='bbox 549 1506 689 1546; x_wconf 84' lang='lat' dir='ltr'>omnia</span> <span class='ocrx_word' id='word_1_101' title='bbox 722 1503 930 1558; x_wconf 79' lang='lat' dir='ltr'>hucusque</span> <span class='ocrx_word' id='word_1_102' title='bbox 963 1503 1127 1543; x_wconf 87' lang='lat' dir='ltr'>inuenta</span> <span class='ocrx_word' id='word_1_103' title='bbox 1168 1501 1390 1553; x_wconf 65' lang='lat' dir='ltr'>Analysseos</span> <span class='ocrx_word' id='word_1_104' title='bbox 1431 1501 1600 1542; x_wconf 80' lang='lat' dir='ltr'>artificia</span> <span class='ocrx_word' id='word_1_105' title='bbox 1641 1500 1813 1540; x_wconf 83' lang='lat' dir='ltr'>minime</span> 
     </span>
     <span class='ocr_line' id='line_1_18' title="bbox 550 1562 1814 1625; baseline -0.006 -16"><span class='ocrx_word' id='word_1_106' title='bbox 550 1568 774 1609; x_wconf 63' lang='lat' dir='ltr'>sufficiunt.</span> <span class='ocrx_word' id='word_1_107' title='bbox 836 1568 1045 1625; x_wconf 75' lang='lat' dir='ltr'>Quidquid</span> <span class='ocrx_word' id='word_1_108' title='bbox 1077 1574 1212 1606; x_wconf 86' lang='lat' dir='ltr'>autem</span> <span class='ocrx_word' id='word_1_109' title='bbox 1248 1566 1294 1606; x_wconf 90' lang='lat' dir='ltr'>de</span> <span class='ocrx_word' id='word_1_110' title='bbox 1326 1574 1442 1605; x_wconf 89' lang='lat' dir='ltr'>motu</span> <span class='ocrx_word' id='word_1_111' title='bbox 1468 1566 1606 1606; x_wconf 86' lang='lat' dir='ltr'>Lunae</span> <span class='ocrx_word' id='word_1_112' title='bbox 1640 1573 1680 1604; x_wconf 88' lang='lat' dir='ltr'>et</span> <span class='ocrx_word' id='word_1_113' title='bbox 1713 1562 1814 1604; x_wconf 84' lang='lat' dir='ltr'>reli-</span> 
     </span>
     <span class='ocr_line' id='line_1_19' title="bbox 556 1626 1815 1686; baseline -0.002 -15"><span class='ocrx_word' id='word_1_114' title='bbox 556 1645 737 1686; x_wconf 88' lang='lat' dir='ltr'>quorum</span> <span class='ocrx_word' id='word_1_115' title='bbox 769 1645 997 1686; x_wconf 85' lang='lat' dir='ltr'>corporum</span> <span class='ocrx_word' id='word_1_116' title='bbox 1029 1629 1257 1674; x_wconf 84' lang='lat' dir='ltr'>coelestium</span> <span class='ocrx_word' id='word_1_117' title='bbox 1291 1643 1311 1670; x_wconf 86' lang='lat' dir='ltr'>a</span> <span class='ocrx_word' id='word_1_118' title='bbox 1345 1630 1446 1670; x_wconf 83' lang='lat' dir='ltr'>viris</span> <span class='ocrx_word' id='word_1_119' title='bbox 1480 1628 1665 1673; x_wconf 83' lang='lat' dir='ltr'>celeberr.</span> <span class='ocrx_word' id='word_1_120' title='bbox 1712 1626 1815 1669; x_wconf 88' lang='lat' dir='ltr'>huc—</span> 
     </span>
     <span class='ocr_line' id='line_1_20' title="bbox 555 1692 1817 1749; baseline -0.004 -14"><span class='ocrx_word' id='word_1_121' title='bbox 555 1707 678 1749; x_wconf 80' lang='lat' dir='ltr'>vsque</span> <span class='ocrx_word' id='word_1_122' title='bbox 712 1697 952 1749; x_wconf 87' lang='lat' dir='ltr'>praestitum</span> <span class='ocrx_word' id='word_1_123' title='bbox 979 1698 1035 1738; x_wconf 88' lang='lat' dir='ltr'>est</span> <span class='ocrx_word' id='word_1_124' title='bbox 1053 1726 1069 1745; x_wconf 26' lang='lat' dir='ltr'>,f</span> <span class='ocrx_word' id='word_1_125' title='bbox 1104 1696 1144 1735; x_wconf 92' lang='lat' dir='ltr'>id</span> <span class='ocrx_word' id='word_1_126' title='bbox 1178 1707 1258 1734; x_wconf 90' lang='lat' dir='ltr'>non</span> <span class='ocrx_word' id='word_1_127' title='bbox 1291 1693 1364 1733; x_wconf 78' lang='lat' dir='ltr'>nisi</span> <span class='ocrx_word' id='word_1_128' title='bbox 1397 1692 1817 1748; x_wconf 81' lang='lat' dir='ltr'>approximationibus</span> 
     </span>
     <span class='ocr_line' id='line_1_21' title="bbox 556 1755 1818 1813; baseline -0.003 -15"><span class='ocrx_word' id='word_1_129' title='bbox 556 1760 747 1799; x_wconf 81' lang='lat' dir='ltr'>innititur</span> <span class='ocrx_word' id='word_1_130' title='bbox 767 1790 777 1809; x_wconf 74' lang='grc'><em>,</em></span> <span class='ocrx_word' id='word_1_131' title='bbox 819 1772 924 1813; x_wconf 77' lang='lat' dir='ltr'>quae</span> <span class='ocrx_word' id='word_1_132' title='bbox 953 1769 1114 1799; x_wconf 84' lang='lat' dir='ltr'>eatenus</span> <span class='ocrx_word' id='word_1_133' title='bbox 1148 1756 1286 1797; x_wconf 88' lang='lat' dir='ltr'>locum</span> <span class='ocrx_word' id='word_1_134' title='bbox 1322 1758 1535 1796; x_wconf 81' lang='lat' dir='ltr'>inueniunt</span> <span class='ocrx_word' id='word_1_135' title='bbox 1562 1787 1572 1805; x_wconf 89' lang='lat'>‚</span> <span class='ocrx_word' id='word_1_136' title='bbox 1612 1755 1719 1808; x_wconf 92' lang='lat' dir='ltr'>quod</span> <span class='ocrx_word' id='word_1_137' title='bbox 1753 1756 1818 1794; x_wconf 89' lang='lat' dir='ltr'>in-</span> 
     </span>
     <span class='ocr_line' id='line_1_22' title="bbox 557 1817 1817 1872; baseline -0.005 -9"><span class='ocrx_word' id='word_1_138' title='bbox 557 1832 617 1863; x_wconf 84' lang='lat' dir='ltr'>ter</span> <span class='ocrx_word' id='word_1_139' title='bbox 660 1834 787 1863; x_wconf 86' lang='lat' dir='ltr'>ternas</span> <span class='ocrx_word' id='word_1_140' title='bbox 830 1825 942 1862; x_wconf 36' lang='lat' dir='ltr'>vires⁸</span> <span class='ocrx_word' id='word_1_141' title='bbox 979 1836 1057 1862; x_wconf 80' lang='lat' dir='ltr'>vna</span> <span class='ocrx_word' id='word_1_142' title='bbox 1096 1832 1189 1872; x_wconf 87' lang='lat' dir='ltr'>prae</span> <span class='ocrx_word' id='word_1_143' title='bbox 1228 1817 1397 1869; x_wconf 84' lang='lat' dir='ltr'>reliquis</span> <span class='ocrx_word' id='word_1_144' title='bbox 1440 1819 1623 1859; x_wconf 85' lang='lat' dir='ltr'>maxime</span> <span class='ocrx_word' id='word_1_145' title='bbox 1660 1819 1817 1871; x_wconf 86' lang='lat' dir='ltr'>semper</span> 
     </span>
     <span class='ocr_line' id='line_1_23' title="bbox 561 1878 1820 1933; baseline -0.002 -8"><span class='ocrx_word' id='word_1_146' title='bbox 561 1888 764 1933; x_wconf 76' lang='lat' dir='ltr'>emineat,</span> <span class='ocrx_word' id='word_1_147' title='bbox 804 1884 859 1922; x_wconf 90' lang='lat' dir='ltr'>ita</span> <span class='ocrx_word' id='word_1_148' title='bbox 899 1891 946 1924; x_wconf 83' lang='lat' dir='ltr'>vt</span> <span class='ocrx_word' id='word_1_149' title='bbox 986 1882 1147 1922; x_wconf 64' lang='lat' dir='ltr'>effictus</span> <span class='ocrx_word' id='word_1_150' title='bbox 1189 1893 1210 1919; x_wconf 85' lang='lat' dir='ltr'>a</span> <span class='ocrx_word' id='word_1_151' title='bbox 1251 1878 1417 1932; x_wconf 87' lang='lat' dir='ltr'>reliquis</span> <span class='ocrx_word' id='word_1_152' title='bbox 1459 1882 1653 1920; x_wconf 88' lang='lat' dir='ltr'>oriundus</span> <span class='ocrx_word' id='word_1_153' title='bbox 1686 1881 1820 1922; x_wconf 83' lang='lat' dir='ltr'>veluti</span> 
     </span>
     <span class='ocr_line' id='line_1_24' title="bbox 562 1942 1825 2000; baseline -0.003 -12"><span class='ocrx_word' id='word_1_154' title='bbox 562 1948 757 1990; x_wconf 85' lang='lat' dir='ltr'>minimus</span> <span class='ocrx_word' id='word_1_155' title='bbox 791 1957 868 1999; x_wconf 89' lang='lat' dir='ltr'>ope</span> <span class='ocrx_word' id='word_1_156' title='bbox 908 1944 1310 2000; x_wconf 84' lang='lat' dir='ltr'>approximatiouum</span> <span class='ocrx_word' id='word_1_157' title='bbox 1344 1942 1558 1986; x_wconf 83' lang='lat' dir='ltr'>definiatur</span> <span class='ocrx_word' id='word_1_158' title='bbox 1579 1973 1590 1994; x_wconf 87' lang='lat'>‚</span> <span class='ocrx_word' id='word_1_159' title='bbox 1623 1953 1724 1996; x_wconf 87' lang='lat' dir='ltr'>quae</span> <span class='ocrx_word' id='word_1_160' title='bbox 1757 1953 1825 1984; x_wconf 80' lang='lat' dir='ltr'>ta-</span> 
     </span>
     <span class='ocr_line' id='line_1_25' title="bbox 563 2007 1377 2063; baseline -0.007 -11"><span class='ocrx_word' id='word_1_161' title='bbox 563 2024 657 2053; x_wconf 87' lang='lat' dir='ltr'>men</span> <span class='ocrx_word' id='word_1_162' title='bbox 690 2010 902 2063; x_wconf 85' lang='lat' dir='ltr'>negotium</span> <span class='ocrx_word' id='word_1_163' title='bbox 937 2011 1111 2052; x_wconf 88' lang='lat' dir='ltr'>minime</span> <span class='ocrx_word' id='word_1_164' title='bbox 1144 2007 1377 2049; x_wconf 87' lang='lat' dir='ltr'>conficiunt.</span> 
     </span>
    </p>

    <p class='ocr_par' dir='ltr' id='par_1_5' title="bbox 568 2069 1818 2194">
     <span class='ocr_line' id='line_1_26' title="bbox 720 2069 1797 2129; baseline -0.002 -15"><span class='ocrx_word' id='word_1_165' title='bbox 720 2073 926 2129; x_wconf 82' lang='lat' dir='ltr'>Quoniam</span> <span class='ocrx_word' id='word_1_166' title='bbox 960 2073 1121 2115; x_wconf 85' lang='lat' dir='ltr'>Solutio</span> <span class='ocrx_word' id='word_1_167' title='bbox 1160 2070 1417 2126; x_wconf 82' lang='lat' dir='ltr'>problematis</span> <span class='ocrx_word' id='word_1_168' title='bbox 1457 2070 1504 2110; x_wconf 88' lang='lat' dir='ltr'>de</span> <span class='ocrx_word' id='word_1_169' title='bbox 1546 2069 1674 2111; x_wconf 89' lang='lat' dir='ltr'>tribus</span> <span class='ocrx_word' id='word_1_170' title='bbox 1714 2069 1797 2112; x_wconf 87' lang='lat' dir='ltr'>Cor</span> 
     </span>
     <span class='ocr_line' id='line_1_27' title="bbox 568 2135 1818 2194; baseline -0.006 -14"><span class='ocrx_word' id='word_1_171' title='bbox 568 2138 730 2194; x_wconf 83' lang='lat' dir='ltr'>poribus</span> <span class='ocrx_word' id='word_1_172' title='bbox 755 2168 766 2189; x_wconf 86' lang='lat'>,</span> <span class='ocrx_word' id='word_1_173' title='bbox 808 2138 1023 2180; x_wconf 84' lang='lat' dir='ltr'>secundum</span> <span class='ocrx_word' id='word_1_174' title='bbox 1061 2145 1329 2179; x_wconf 75' lang='lat' dir='ltr'>memoratam</span> <span class='ocrx_word' id='word_1_175' title='bbox 1366 2135 1496 2188; x_wconf 80' lang='lat' dir='ltr'>legem</span> <span class='ocrx_word' id='word_1_176' title='bbox 1531 2136 1574 2176; x_wconf 82' lang='lat' dir='ltr'>in</span> <span class='ocrx_word' id='word_1_177' title='bbox 1608 2135 1685 2176; x_wconf 34' lang='lat' dir='ltr'>sese&lt;</span> <span class='ocrx_word' id='word_1_178' title='bbox 1710 2135 1818 2174; x_wconf 69' lang='lat' dir='ltr'>inui-</span> 
     </span>
    </p>
   </div>
   <div class='ocr_carea' id='block_1_5' title="bbox 1730 2208 1823 2240">
    <p class='ocr_par' dir='ltr' id='par_1_6' title="bbox 1730 2208 1823 2240">
     <span class='ocr_line' id='line_1_28' title="bbox 1730 2208 1823 2240; baseline -0.022 -1"><span class='ocrx_word' id='word_1_179' title='bbox 1730 2208 1823 2240; x_wconf 71' lang='lat' dir='ltr'>cem</span> 
     </span>
    </p>
   </div>
  </div>
 </body>
</html>
