1972 2652
306 208 695 256 MAXIMORVM
728 210 802 255 ET
833 208 1203 256 MINJMORWH.
1321 213 1381 264 99

126 325 246 378 paruis
299 325 358 365 dx
410 325 724 379 progrediantur3
776 334 855 365 tum
891 336 984 364 vero
1016 325 1165 364 valores
1199 324 1307 377 ipsius
1336 320 1391 375 Z,

127 390 189 441 qui
221 388 279 428 his
308 388 455 441 singuiis
487 388 675 429 valoribus
705 389 812 442 ipsius
842 401 870 429 x
905 388 1155 440 respondent,
1208 400 1275 439 per
1322 389 1349 427 d
1359 399 1388 427 x

128 451 398 504 rnuitiplicati·⁷
451 451 614 505 haecque
661 453 793 492 omnia
843 452 1024 504 producta
1065 452 1101 489 in
1136 462 1252 489 vnam
1289 453 1387 490 sum⁴

126 526 233 554 mam
268 515 426 554 collecta
462 528 546 555 eam
582 517 829 568 quantitatem
851 547 861 566 ‚
909 526 1024 567 quam
1059 513 1177 553 littera
1210 514 1249 553 A
1295 514 1389 553 indi-

124 577 292 617 cauimus
314 609 326 628 ,
376 579 630 629 constituent,
680 582 774 630 quae
820 579 993 618 maxima
1026 578 1089 617 vel
1120 576 1280 617 minima
1314 576 1388 617 effe

124 640 245 680 debet.
308 641 424 696 Quod
457 643 508 680 ita
543 641 595 680 est
628 641 940 693 intelligendum,
973 649 1042 689 vt,
1080 639 1105 679 fi
1139 652 1189 679 ex
1224 640 1292 680 alia
1327 652 1389 680 re-

124 703 266 743 latione
299 705 398 744 inter
430 716 458 744 x
490 714 529 742 et
546 718 580 754 y
611 715 827 754 quacunque
860 701 1007 752 singulis
1042 702 1226 741 valoribus
1279 702 1391 755 ipsius

124 779 154 807 x
186 765 246 804 alii
282 766 427 805 valores
462 765 527 817 ipfi
545 779 578 816 y
610 764 769 816 hincque
802 763 869 816 ipsi
904 759 943 802 Z
974 764 1204 802 conueniant
1226 791 1236 805 .
1269 776 1320 803 ex
1348 765 1391 804 iis

123 838 195 881 pro
225 827 279 877 A,
311 827 335 866 si
367 827 473 866 fuerit
512 826 730 866 maximum
752 858 762 877 ,
814 824 922 865 valor
974 835 1076 865 certe
1127 825 1253 865 minor
1274 858 1285 878 ‚
1336 826 1389 866 fin

122 899 247 930 autem
281 889 389 929 fuerit
419 889 650 942 minimum,
682 898 780 930 certe
813 889 935 930 maior
953 888 998 929 sit
1022 888 1388 944 proditurus‚quam

120 954 149 996 fi
184 953 270 993 iusta
304 953 436 994 relatio
465 953 561 993 inter
593 965 622 994 x
656 963 696 994 et
712 967 746 1005 y
780 952 901 994 fuiffet
931 951 1110 993 adhibita.

713 1060 792 1102 IX.

276 1137 392 1194 Quod
425 1139 450 1179 si
482 1148 608 1182 autem
641 1139 713 1181 hae
746 1139 1000 1186 variationes,
1031 1153 1124 1195 quae
1154 1138 1390 1197 fingulisval

120 1201 266 1245 loribus
296 1202 406 1255 ipsius
424 1215 457 1252 y
491 1205 733 1252 inducuntur,
767 1203 909 1243 infinite
944 1217 1077 1255 paruae
1113 1208 1389 1259 concipiantur,

123 1276 206 1306 tum
239 1276 306 1318 per
337 1263 503 1305 indolem
539 1266 802 1305 maximorum
837 1275 878 1305 et
909 1268 1160 1306 minimorum
1192 1269 1275 1308 inde
1301 1268 1387 1308 nul·

123 1329 160 1368 la
192 1327 354 1368 mutatio
386 1327 426 1366 in
458 1328 707 1380 quantitatem
738 1329 778 1368 A
823 1328 1026 1370 redundare
1075 1331 1219 1383 debet3
1272 1341 1385 1384 atque

120 1403 170 1431 ex
202 1390 276 1430 hoc
310 1389 392 1443 ipso
425 1388 530 1430 fonte
562 1391 834 1432 determinatio
868 1394 1130 1434 maximorum
1176 1404 1213 1433 et
1264 1394 1384 1434 mini-

120 1465 274 1494 morum
312 1453 389 1506 peti
423 1453 528 1494 solet.
595 1452 699 1495 Cum
735 1454 868 1496 (cilicet
902 1456 1091 1497 valoribus
1125 1457 1234 1510 ipsius
1252 1471 1286 1507 y
1313 1468 1385 1510 pro

120 1516 275 1558 arbitrio
306 1516 529 1558 variationes
562 1518 710 1559 infinite
744 1532 872 1572 paruas
902 1521 1135 1561 tribuerimus
1157 1552 1168 1573 ‚
1202 1522 1380 1573 mutatio,

105 1582 218 1632 'quae
250 1579 335 1618 inde
367 1580 403 1618 in
434 1580 617 1622 valoribus
647 1583 823 1622 omnibus
856 1581 964 1635 ipsius
998 1580 1036 1623 Z
1055 1583 1140 1636 dx,
1174 1595 1214 1622 ac
1251 1584 1382 1634 proin-

122 1642 169 1680 de
201 1641 240 1680 in
271 1653 404 1682 eorum
438 1643 587 1684 summa
621 1654 698 1684 tota
730 1648 767 1685 A
798 1647 914 1685 oritur
935 1675 946 1695 ‚
980 1646 1122 1685 calculo
1155 1646 1286 1697 colligi
1316 1645 1380 1685 de-

122 1703 186 1742 bet
207 1733 218 1753 ‚
249 1716 340 1755 quae
373 1705 547 1757 deinceps
581 1706 703 1745 nihilo
736 1707 893 1758 aequalis
929 1707 1044 1758 posita
1088 1708 1281 1759 praebebit
1316 1720 1383 1747 ae-

119 1766 335 1819 quationem
357 1795 368 1814 ‚
419 1769 457 1805 in
491 1780 561 1819 qua
592 1778 719 1807 natura
754 1769 914 1807 maximi
949 1769 1101 1808 minimi
1128 1781 1186 1820 ve,
1222 1771 1379 1824 ideoque

120 1828 278 1881 quaesita
308 1827 440 1867 relatio
470 1829 566 1869 inter
597 1842 625 1871 x
658 1840 695 1869 et
715 1843 744 1878 y
777 1831 1038 1871 continebitur.
1136 1833 1218 1872 Hac
1267 1834 1377 1886 igitur

119 1892 340 1944 operatione
375 1891 580 1932 methodus
619 1893 835 1933 huiusmodi
887 1906 1059 1934 maxima
1110 1895 1171 1934 vel
1219 1898 1378 1936 minima

119 1953 359 2006 inuestigandi
409 1954 636 2009 absolustur,
695 1968 788 2009 quae
839 1956 978 1996 idcirco
1019 1957 1151 1997 iisdem
1187 1959 1380 2011 principiis

119 2027 230 2070 atque
280 2016 439 2068 vulgaris
489 2019 690 2060 methodus
738 2020 997 2060 maximorum
1041 2033 1084 2060 ac
1119 2022 1371 2062 minimorum

117 2080 287 2120 innititur
309 2093 319 2133 3
355 2092 448 2132 quae
471 2109 481 2123 ,
502 2084 703 2134 quomodo
735 2094 801 2135 per
832 2081 906 2122 sola
930 2083 1132 2136 Anaiyseos
1163 2096 1379 2137 praecepta,

114 2144 189 2184 sine
221 2143 304 2182 vilis
334 2155 386 2183 ex
421 2140 645 2186 Geometria
676 2146 805 2200 petitis
837 2145 1024 2197 subsidiis,
1062 2148 1195 2188 institui
1233 2149 1340 2198 poflit
1364 2180 1375 2196 ,

736 2208 776 2250 N
816 2220 842 2247 2
1176 2212 1373 2249 accuratius
