1972 2652
579 269 669 316 380
858 263 1165 309 OBSERVAT.
1201 261 1531 309 METEOROL.

725 378 825 420 Halo
873 374 1008 428 pallida
1054 375 1152 416 circa
1195 374 1324 419 lunam
1366 375 1403 418 d.
1457 382 1496 418 8.
1539 373 1580 415 h.
1632 377 1672 416 8.
1707 387 1746 429 p.
1783 374 1844 418 ml

573 444 685 485 coelo
719 439 896 481 nebuloso
915 469 927 490 ,
959 448 1079 479 vento
1108 438 1189 483 Sx.
1225 439 1441 485 barometro
1478 440 1641 491 27.67.
1661 438 1843 481 thermo-

580 518 703 548 metro
740 513 842 553 157.

726 566 858 609 Menti:
891 566 1102 608 Decembri
1135 567 1243 607 venti
1276 568 1585 610 vehementiores
1616 568 1654 608 d.
1688 580 1732 616 4.
1766 569 1843 620 pri-

577 643 687 672 mum
734 630 760 673 S
799 631 884 672 dein
919 631 1035 682 W3.
1073 631 1216 684 vesperi
1250 630 1288 672 d.
1316 642 1386 681 25.
1424 630 1504 680 Sg.
1538 631 1653 672 noc‘te
1688 630 1725 671 d.
1768 637 1843 672 28.

575 694 689 744 W3.
725 695 749 736 d
803 707 876 745 29.
910 696 1023 737 notite
1049 693 1147 743 Wss
1187 704 1224 735 et
1250 709 1292 747 4.
1310 706 1500 738 caeterum
1520 695 1689 751 plerique
1711 706 1759 738 ex
1780 692 1846 736 W

575 758 673 802 etS
708 758 903 814 spirauere.

717 821 812 864 Dies
847 822 960 864 sereni
994 835 1036 875 4.

726 886 813 928 Nix
870 887 1061 942 singularis
1100 887 1145 928 ad
1197 887 1311 928 instar
1360 899 1565 941 paruorum
1609 885 1838 940 spiculorum

571 950 669 991 circa
704 950 906 994 meridiem
939 952 977 992 d.
1023 964 1074 991 10
1102 951 1254 1003 cecidit,
1287 952 1568 993 thermometto
1603 961 1706 1003 154,
1728 950 1852 992 baro-¹

571 1023 694 1055 metro
730 1026 801 1063 27.
823 1025 881 1063 30
916 1015 1177 1056 adscendente.

723 1079 899 1120 Altitudo
948 1079 1044 1119 niuis
1093 1079 1139 1118 ad
1188 1076 1422 1119 altitudinem
1469 1089 1584 1132 aquae
1623 1074 1848 1130 liquefactae

571 1149 614 1180 vt
648 1141 854 1194 plurimum
886 1142 921 1181 se
952 1141 1115 1181 habebat
1148 1150 1191 1181 vt
1228 1154 1296 1179 11.
1316 1143 1363 1181 ad
1387 1154 1404 1180 1
1431 1171 1445 1191 ‚
1480 1142 1508 1181 fi
1542 1153 1682 1192 nempe
1714 1150 1846 1180 recens

570 1203 670 1258 lapsa
702 1215 740 1245 et
772 1206 884 1245 rarior
919 1215 998 1245 erut
1019 1236 1031 1256 ‚
1065 1205 1156 1245 alias
1188 1204 1354 1246 diuersae
1387 1205 1556 1245 rationes
1587 1203 1776 1251 obtinent.

724 1268 899 1307 Altitudo
933 1268 1044 1321 igitur
1076 1279 1191 1320 aquae
1224 1268 1372 1320 pluuiae
1405 1267 1602 1310 interuallo
1634 1267 1699 1306 sex
1733 1276 1844 1307 men-

572 1330 682 1382 fium,
702 1343 722 1371 a
742 1331 867 1371 menie
893 1331 1000 1371 Maio
1019 1330 1065 1371 ad
1084 1330 1253 1371 mensem
1275 1329 1502 1384 Ostobrem,
1521 1331 1591 1371 fuit
1610 1342 1641 1370 ε
1655 1332 1725 1368 16.
1745 1328 1847 1383 poll.

572 1405 612 1442 5.
648 1394 716 1432 lin.
785 1394 915 1433 Mense
946 1393 1045 1433 Iulio
1100 1394 1275 1435 maxima
1296 1421 1310 1445 ‚
1359 1403 1397 1434 et
1428 1392 1652 1448 Septembri
1679 1393 1842 1434 minima

571 1454 719 1510 pluuiae
752 1456 864 1509 copia
897 1458 1044 1497 cecidit.

706 1517 799 1559 Dies
832 1520 944 1559 sereni
979 1530 1044 1560 aut
1068 1521 1253 1561 maiorem
1279 1529 1428 1574 partem
1458 1521 1574 1561 sereni
1607 1525 1835 1567 erant134.

570 1583 739 1635 adeoque
774 1583 897 1634 plures
928 1595 1040 1635 quam
1075 1585 1184 1623 tertia
1214 1584 1303 1623 anni
1336 1594 1434 1635 pars,

720 1645 833 1685 Venti
867 1645 1176 1687 vehementiores
1210 1658 1278 1694 32.
1322 1655 1359 1686 et
1398 1645 1562 1685 tonitrua
1614 1658 1660 1693 9.
1709 1643 1838 1683 obser-

569 1707 763 1750 vabantur.
825 1708 1021 1752 Numerus
1052 1721 1259 1751 ventorum
1292 1709 1627 1750 vehementiorum
1648 1707 1840 1747 maximus

571 1782 648 1813 erat
679 1772 806 1813 mense
839 1771 1010 1814 Ianuario
1035 1801 1046 1821 ,
1076 1773 1298 1828 Septembri
1331 1781 1459 1813 autem
1495 1771 1629 1811 nullus.
1680 1792 1683 1793 ⁷

713 1839 882 1878 Aurorae
916 1837 1084 1878 boreales
1118 1849 1159 1887 7,
1189 1849 1346 1892 quarum
1379 1844 1453 1876 tres
1483 1834 1671 1890 perfectae
1704 1841 1742 1874 et
1780 1833 1843 1874 in·

572 1898 684 1951 fignes
715 1911 820 1941 erant
848 1935 858 1954 ,
887 1901 1124 1942 notabantur.

716 1963 885 2005 Halones
918 1966 1016 2006 circa
1047 1965 1163 2006 solem
1196 1977 1284 2006 curn
1315 1962 1462 2018 pareliis
1493 1962 1574 2005 sunt
1608 1971 1632 2010 3
1661 1989 1674 2014 ,
1704 1969 1743 2002 et
1762 1971 1841 2001 vna

574 2023 662 2067 halo
693 2027 789 2068 circa
821 2029 948 2071 lunam
983 2029 1196 2071 adnotatae.

845 2222 1578 2242 -ῄῄι-ι--ι-μ-ι

1655 2307 1837 2354 HISTO·
