1972 2652
561 202 674 253 »3013
708 199 721 258 )
756 206 785 242 6
820 201 845 251 (·
868 201 984 254 ἓῦεέψ
1345 213 1404 254 47

134 314 333 371 propria,
373 322 457 356 erat
498 321 635 356 3:28.
676 321 745 357 82.
782 315 895 357 Nou.
937 327 979 364 9.
1022 315 1255 366 obseruata;
1306 313 1406 355 infi-

133 394 201 421 ma
235 391 371 429 :27-
407 394 464 420 oo
500 380 678 421 Ianuarii
715 391 770 430 24
791 390 830 421 et
851 384 909 420 26
937 389 1083 422 notata.
1153 380 1269 432 Ergo
1287 379 1402 420 sum-

135 459 202 485 nia
238 446 413 486 alt‘tusso
466 444 589 484 huius
641 446 734 485 anni
769 447 907 487 minor
946 446 1031 497 est,
1085 446 1267 486 maxima
1309 443 1404 484 alias

132 508 199 549 hic
234 511 467 561 obstruat-21,
510 510 658 551 scilicet
697 520 814 559 1757
852 523 992 559 329.
1037 523 1090 548 12
1116 540 1127 561 ‚
1159 518 1199 549 et
1234 509 1403 563 quidem

132 577 181 619 {²3
216 571 297 613 siue
331 575 409 614 fere
447 578 490 622 32
525 574 653 615 lineae
675 575 838 614 duodec.
865 574 1024 626 pollicis
1053 572 1286 625 parisiensis.
1322 571 1404 612 Al-

131 636 267 676 titudo
301 637 530 677 Barometri
561 636 706 676 infima
744 646 815 685 27.
847 647 931 685 00,
966 634 994 674 si
1019 644 1282 688 comparetur
1305 648 1402 675 cum

131 701 276 740 infima
315 701 409 744 alias
449 701 516 740 hic
554 702 756 740 obseruata
781 729 792 748 ‚
834 710 981 750 nempe
1031 702 1103 736 26.
1139 710 1215 745 41.
1258 699 1402 752 depre-

131 764 324 805 henditur
367 765 497 803 maior
532 763 582 808 {3⁹3
633 760 715 800 siue
765 762 847 801 fere
897 770 925 811 7
977 759 1051 801 lin.
1103 760 1169 802 seu
1223 763 1403 815 partibus

127 827 376 869 duodecimis
410 826 570 879 pollicis
602 824 834 878 parifienfis.

284 910 479 952 Ceterum
520 910 762 950 variationes
813 910 1115 952 Baromctricae
1163 910 1308 964 primis
1366 919 1406 950 et

131 974 293 1016 vItImis
329 974 553 1026 mensibus,
587 987 712 1028 quam
750 977 908 1026 mediis,
930 976 1103 1015 maiores
1128 985 1169 1015 et
1194 974 1272 1015 hoc
1298 986 1406 1014 anno

130 1039 489 1093 deprehenduntur
512 1071 523 1091 ,
556 1039 613 1078 ita
644 1048 692 1079 vt
727 1040 801 1080 vix
834 1051 906 1081 aut
940 1039 1136 1082 rarissime
1166 1042 1212 1083 ab
1245 1037 1318 1080 hac
1344 1036 1404 1078 le-

129 1113 180 1155 ge
211 1104 392 1153 exceptio
430 1114 640 1141 occurrere
670 1101 807 1139 soleat.

272 1179 456 1222 Minima
505 1179 682 1217 variatio
721 1178 1003 1217 Bai-ometrica
1043 1181 1124 1217 fuit
1162 1185 1277 1227 :1⁵35
1317 1182 1407 1223 flue

129 1245 210 1286 fere
246 1253 271 1291 7
308 1241 381 1280 lin.
426 1240 558 1280 mense
599 1238 848 1281 Nouembri.
932 1240 1117 1282 Minores
1157 1242 1404 1284 differentiae

128 1316 170 1347 et
204 1305 447 1346 variationes
480 1303 558 1345 hoc
591 1317 697 1345 anno
731 1303 993 1361 deprehensae
1025 1306 1118 1346 sunt
1160 1307 1297 1349 Mense
1337 1309 1402 1348 A·

130 1369 231 1426 prili
254 1402 265 1422 ,
301 1370 415 1412 Maio
435 1401 446 1422 ‚
480 1369 604 1411 Iunio
630 1401 641 1420 ‚
678 1369 789 1412 Iulio
822 1381 862 1411 et
896 1371 1086 1424 Augusto
1108 1403 1120 1424 ,
1159 1384 1286 1426 eoque
1328 1384 1401 1428 per

136 1445 159 1484 5
199 1435 381 1487 menses,
424 1447 718 1489 nonnunquam
754 1448 825 1490 per
867 1446 895 1486 4
937 1437 1089 1477 menses
1131 1446 1292 1478 tantum
1333 1451 1399 1479 re-

130 1501 386 1554 periuntur„
427 1500 626 1542 Ceterum
661 1511 731 1539 nec
766 1502 951 1541 maxima
984 1513 1111 1554 neque
1137 1503 1309 1543 minima
1327 1517 1401 1545 va-

130 1565 250 1605 riatio
285 1565 441 1619 semper
474 1565 619 1606 iisdem
655 1565 852 1606 mensibus
886 1575 1110 1607 occurrunt
1131 1598 1143 1618 ‚
1185 1568 1294 1622 quod
1327 1581 1401 1624 per

128 1629 398 1670 antecedentes
432 1629 723 1670 obseruationes
757 1630 843 1670 iam
877 1631 1038 1671 constat.

280 1711 404 1767 Quod
437 1711 486 1752 ad
519 1712 811 1753 obseruationes
846 1711 1202 1752 ‘thermometricas
1233 1711 1400 1766 attinet,

131 1771 333 1823 singulare
365 1783 407 1812 et
441 1774 558 1823 plane
598 1773 969 1811 extraordinarium
1008 1774 1087 1813 fuit
1127 1775 1255 1826 frigus
1296 1774 1398 1816 Dec.

135 1840 196 1874 26
230 1836 487 1877 obseruatum
522 1845 576 1871 :-
598 1846 714 1883 212,
756 1846 839 1886 quo
866 1835 1026 1874 Auctor
1062 1836 1186 1874 huius
1218 1837 1400 1878 differta-

132 1899 252 1938 tionfs
283 1901 401 1939 suum
435 1898 649 1949 egregium
685 1897 904 1938 inuentum
939 1898 988 1938 de
1011 1900 1259 1950 congelando
1285 1914 1397 1942 mer-

130 1964 248 2004 curio
289 1960 557 2015 perficiendi,
596 1960 845 2003 occasionem
884 1962 1090 2017 arripuit,
1131 1973 1172 2003 et
1214 1963 1395 2018 perfecit.

131 2029 318 2067 Tantum
353 2025 480 2078 frigus
508 2034 622 2065 antea
657 2038 868 2080 nunquam
902 2026 971 2067 hic
1012 2029 1065 2069 est
1105 2029 1359 2071 obseruatum
1382 2064 1395 2085 ,

132 2091 343 2133 maximus
386 2090 497 2129 enim
540 2090 701 2143 frigoris
742 2092 886 2143 gradus
927 2092 1039 2138 vltra
1084 2105 1174 2138 202
1215 2104 1257 2135 et
1299 2107 1392 2146 203

130 2167 342 2210 nunquam
372 2153 502 2198 adhuc
531 2156 612 2199 fuit
642 2165 816 2200 notatus,

1269 2200 1396 2273 Calor
