1972 2652
515 206 630 260 ···>&{
664 204 678 262 )
713 216 740 245 0
776 200 790 260 (
824 202 941 256 ἓὶεὲω
1298 210 1355 253 19

97 316 357 358 offenderunt
388 316 644 359 difficultates
666 351 677 370 ‚
707 331 807 374 quae
836 320 912 360 vix
945 316 1121 372 superari
1157 315 1263 371 posse
1288 317 1354 357 vi-

103 381 305 423 derentur.
375 383 434 423 At
467 385 672 437 postquam
706 387 831 424 etiam
864 383 1021 424 Auditor
1056 382 1177 421 huius
1217 379 1353 422 differ-

103 447 264 486 tationis
292 447 362 488 diu
395 447 657 501 multumque
698 450 738 488 in
781 448 852 488 hac
892 447 1192 499 inuestigatione
1240 445 1354 485 desu-

98 508 264 550 dauiffet
284 542 294 562 ‚
326 512 414 552 voti
448 514 605 554 tandem
647 524 812 566 compos
853 513 908 552 est
944 511 1066 551 fastu-s
1087 543 1098 562 ,
1137 521 1357 563 veramque

100 583 269 614 curnam
301 575 611 618 tautochronam
646 579 686 617 in
722 577 854 617 medio
874 608 885 628 ,
917 577 1024 630 quod
1055 574 1272 616 secundum
1292 581 1358 614 ra-

102 636 258 677 tionem
289 638 545 680 celeritatum
578 640 822 692 duplicatam
856 638 994 676 resistit
1016 667 1027 686 ‚
1062 637 1165 677 felici
1184 636 1353 676 succeffu

98 698 253 740 elicuit.
317 702 489 742 Interim
523 712 656 739 tamen
690 701 934 748 methodus,
983 708 1060 751 qua
1105 701 1146 738 in
1188 697 1260 739 hac
1290 701 1352 739 in-

100 764 359 814 vestigatione
391 771 474 802 erat
508 764 601 803 vsus
623 794 634 812 ‚
667 761 784 803 nullo
815 762 936 802 modo
968 763 1013 802 ad
1047 760 1139 801 alias
1173 764 1353 803 resisten-

98 827 176 864 tiae
236 825 478 878 hypotheses
530 826 730 866 transferri
782 835 939 880 poterat
971 840 981 875 ;
1034 825 1190 867 tametsi
1242 827 1353 866 enim

97 898 256 930 certum
292 890 502 930 videbatur
532 891 574 930 in
609 899 750 930 natura
783 889 905 930 aliam
947 888 1182 930 refistentiae
1220 888 1354 942 legem

96 963 253 1006 praeter
284 954 531 1007 duplicatam
564 953 816 995 celeritatum
849 954 1048 994 rationem
1090 954 1228 995 locum
1281 953 1354 994 ha-

90 1017 184 1057 bere
219 1031 298 1058 non
331 1019 458 1070 posse,
491 1028 624 1059 tamen
659 1020 797 1060 eadem
828 1018 1002 1072 quaestio
1035 1020 1083 1059 de
1118 1017 1354 1059 tautochro-

95 1082 158 1119 nis
191 1082 233 1119 in
267 1081 353 1121 aliis
386 1083 621 1123 resistentiae
652 1083 942 1136 hypothesibus
976 1095 1056 1123 non
1076 1092 1160 1124 tam
1198 1084 1240 1124 in
1261 1083 1355 1124 Me·

97 1140 261 1180 chanica
314 1152 436 1191 quam
468 1144 510 1181 in
546 1143 626 1193 ipsa
658 1144 827 1192 Analyfi
860 1146 1009 1182 merito
1047 1148 1219 1184 maximi
1262 1158 1355 1186 mo-

98 1204 225 1244 menti
258 1201 502 1241 indicabatur
527 1231 538 1252 ,
589 1212 799 1255 propterea
832 1205 940 1256 quod
972 1212 1101 1245 tantae
1134 1208 1356 1246 difficulta-

95 1276 151 1306 tes
172 1297 183 1317 ,
217 1276 317 1320 quae
349 1265 449 1307 hanc
484 1266 834 1317 inuestigationem
869 1266 1110 1320 impedirent
1130 1300 1141 1320 ,
1174 1268 1353 1323 superari

96 1344 175 1371 non
213 1328 372 1383 possunt
393 1361 403 1381 ,
434 1331 532 1384 quin
566 1329 690 1371 simul
722 1329 912 1382 Analyfis
945 1332 1098 1371 eximia
1149 1333 1241 1373 inde
1287 1347 1352 1375 ac-
1397 1375 1400 1378 Δ

92 1396 217 1449 cipiat
249 1395 506 1435 incrementa.
575 1395 733 1435 Verum
766 1396 872 1449 quod
906 1394 948 1434 in
967 1394 1045 1435 hoc
1065 1398 1228 1449 negotio
1245 1397 1353 1440 haud

95 1471 243 1514 parum
274 1460 429 1500 mirum
465 1459 695 1510 videbitur,
735 1460 841 1512 quod
893 1459 1108 1500 methodus
1161 1463 1352 1504 Aucstoris

96 1535 146 1563 ne
177 1524 224 1564 ad
260 1534 350 1564 eam
383 1524 546 1578 quidem
582 1522 831 1578 hypothefin
853 1553 863 1573 ,
897 1536 975 1578 qua
1015 1524 1226 1566 refistentia
1276 1527 1351 1580 ipfi

93 1586 286 1628 celeritati
322 1587 636 1642 proportionalis
683 1588 885 1640 fingitur,
937 1589 1173 1630 extendatur
1195 1622 1205 1641 ,
1255 1602 1351 1630 cum

97 1660 230 1692 tamen
262 1650 327 1692 hic
360 1654 465 1693 casus
495 1654 579 1692 iam
614 1653 770 1706 pridem
803 1651 931 1693 fuisset
971 1652 1215 1706 exploratus.
1291 1656 1351 1694 At

94 1715 161 1757 hic
192 1716 358 1769 quidem
400 1717 606 1770 imprimis
653 1717 784 1757 notari
833 1718 1056 1765 conuenit,
1109 1731 1129 1756 a
1163 1717 1352 1757 Newtono

96 1779 404 1819 tautochronam
440 1780 480 1814 in
524 1778 598 1815 hae
647 1777 879 1816 refistentiae
930 1776 1145 1830 hypothesi
1198 1794 1278 1820 non
1328 1793 1350 1821 a

96 1842 224 1894 priori
258 1840 332 1878 effe
364 1842 572 1892 inuentam
595 1869 606 1887 ‚
657 1839 715 1876 sed
751 1840 885 1890 potius
918 1851 1014 1877 cum
1047 1841 1149 1880 forte
1183 1843 1224 1880 in
1258 1856 1350 1883 mo-

96 1913 187 1943 tum
220 1903 336 1956 super
372 1900 551 1951 cycloide
583 1902 804 1954 inquireret
827 1933 837 1951 ‚
888 1901 996 1954 quasi
1038 1904 1246 1957 inopinato
1279 1905 1349 1945 de·-

94 1966 367 2021 prehendiffe,
401 1964 736 2006 tautochronismi
772 1967 1059 2019 proprietatem
1095 1968 1141 2007 ab
1176 1967 1248 2008 hac
1285 1982 1348 2010 re-

95 2031 264 2072 fistentia
296 2043 374 2070 non
411 2031 580 2081 turbari3
606 2031 868 2083 quamobrem
903 2028 1092 2070 haetenus
1130 2032 1346 2075 methodus

93 2095 241 2136 direfta
277 2095 426 2136 merito
456 2095 740 2136 desiderabatur
762 2126 773 2144 ‚
807 2107 884 2148 qua
913 2093 1036 2135 simul
1071 2104 1155 2136 tam
1200 2098 1240 2136 in
1282 2112 1348 2139 ra-

95 2160 203 2202 tione
253 2159 504 2200 celeritatum
557 2157 727 2213 simplici
750 2190 762 2210 ,
793 2172 915 2213 quam
949 2157 1150 2214 duplicata
1201 2174 1348 2203 curu-ae

707 2236 729 2264 c
766 2236 789 2262 2
1037 2264 1041 2268 .
1213 2235 1349 2267 tauto-
