1972 2652
565 206 622 254 ss
1011 207 1128 271 »22:ss
1157 205 1173 261 )
1204 217 1233 246 0
1268 207 1286 256 c
1319 207 1436 258 &2³³-

702 316 813 359 Cum
845 315 1006 360 effeetus
1045 318 1293 374 parallaxeos
1332 320 1375 361 in
1418 332 1470 363 eo
1515 317 1722 369 confistat‚
1770 326 1821 360 vt

565 382 776 423 immersio
804 383 971 424 Veneris
1005 385 1046 424 in
1074 385 1226 425 discum
1254 383 1359 426 Solis
1391 396 1515 439 aeque
1548 397 1593 426 ac
1644 382 1819 425 emerfio

562 458 585 485 e
625 446 788 486 diuersis
831 447 990 488 telluris
1028 447 1126 489 locis
1147 480 1160 500 ‚
1191 449 1351 491 diuerso
1383 458 1568 503 tempore
1601 446 1690 489 fieri
1721 459 1820 488 con—

559 509 752 562 spiciatur
775 542 785 561 ,
819 511 882 553 Cl.
919 511 1079 554 Austor
1112 514 1160 554 de
1192 513 1335 554 effectu
1372 513 1618 568 parallaxeos
1668 522 1787 563 agens
1811 543 1824 564 ,

560 575 749 627 primurn
784 573 853 616 fibi
889 578 1082 629 proponit
1115 576 1276 627 sequens
1310 579 1518 630 problema
1558 575 1828 618 soluendum:

559 636 736 678 Inuenire
768 645 988 677 momentum
1022 647 1090 687 quo
1138 635 1318 688 distantia
1367 646 1579 679 centrorum
1629 636 1735 678 Solis
1784 646 1827 678 et

561 698 743 740 Planctae
777 713 826 740 ex
858 699 948 739 dato
972 699 1108 752 punffo
1140 699 1294 740 videtur
1313 700 1388 754 sub
1416 702 1546 754 angulo
1584 699 1687 741 dato.
1767 701 1826 742 Vt

562 764 612 803 ad
647 764 891 803 solutionem
923 761 1036 801 illius
1070 761 1184 801 viam
1236 761 1409 813 sternat,
1458 774 1548 801 rem
1595 765 1771 804 orditur*
1804 777 1829 806 a

563 826 813 878 generalibus
846 824 1252 879 contemplationibus
1273 856 1285 876 ,
1318 837 1369 866 ex
1410 825 1552 879 quibus
1591 839 1688 868 cum
1732 840 1829 880 per-

562 889 744 944 spexiffet
777 884 937 931 infinita
970 890 1057 930 dari
1095 889 1242 944 puncta
1278 890 1519 943 problemati
1543 891 1828 943 satisfacientia,

565 954 608 995 in
654 954 863 1009 superficie
897 954 968 995 fita
990 985 1001 1006 ,
1034 966 1135 1009 quae
1178 954 1414 1008 producitur
1448 956 1648 997 rotatione
1683 956 1827 997 circuli

564 1017 681 1070 super
717 1020 824 1060 recta
856 1019 1082 1059 distantiam
1121 1028 1357 1060 centrorum
1399 1017 1503 1061 Solis
1553 1029 1593 1060 et
1644 1019 1828 1061 Planetae

566 1081 760 1124 referente
773 1115 783 1135 ,
818 1084 1030 1124 deducitur
1049 1083 1095 1122 ad
1115 1084 1335 1135 principale
1354 1083 1560 1132 problema
1574 1113 1585 1130 ‚
1602 1095 1685 1132 quo
1703 1094 1827 1134 quae-

565 1147 672 1185 ritur
694 1174 705 1194 ‚
738 1157 891 1197 quonam
922 1150 1099 1183 momento
1132 1142 1263 1183 datum
1297 1141 1445 1183 telluris
1467 1143 1643 1197 punfflum
1677 1145 1716 1184 in
1754 1144 1828 1186 hac

550 1209 756 1264 superficie
798 1202 1051 1258 reperiatur?
1103 1203 1201 1241 Non
1252 1203 1329 1241 alia
1378 1205 1489 1242 enim
1528 1207 1677 1257 punsta
1716 1208 1828 1258 globi

565 1270 756 1311 terrestris
802 1266 1101 1317 elongationem
1143 1263 1327 1305 Planetae
1378 1277 1420 1304 ac
1470 1265 1573 1307 Solis
1625 1268 1693 1307 sub
1734 1271 1829 1312 dato

568 1339 721 1384 angulo
764 1331 900 1372 videre
939 1337 1164 1383 poterunt,
1206 1328 1278 1368 nifi
1324 1340 1424 1383 quae
1468 1331 1508 1369 in
1552 1330 1853 1373 interiectione

566 1394 791 1450 superficiei
827 1393 1008 1435 Telluris
1029 1425 1041 1446 ‚
1073 1405 1170 1435 cum
1203 1393 1413 1449 superficie
1447 1397 1563 1449 supra
1601 1406 1827 1440 memorata

567 1460 716 1502 fuerint
751 1458 891 1500 locata.

707 1592 775 1635 Ne
808 1605 908 1633 vero
941 1593 982 1633 in
1017 1592 1217 1634 solutione
1247 1590 1517 1645 problematis,
1551 1592 1612 1632 vti
1639 1589 1827 1644 propoli-

569 1666 660 1696 tum
694 1658 768 1707 est,
802 1661 850 1701 ad
886 1658 1081 1697 formulas
1114 1658 1314 1698 intricatas
1347 1658 1606 1707 deuoluunt,
1641 1667 1827 1709 primum

570 1718 774 1760 circulum
810 1730 971 1760 tantum
1007 1720 1186 1770 telluris,
1218 1722 1289 1772 qui
1331 1719 1829 1761 formaturinterleetione

570 1796 591 1823 a
626 1782 749 1837 plano
783 1795 853 1836 per
888 1792 1022 1824 centra
1055 1782 1161 1823 Solis
1182 1814 1193 1833 ‚
1226 1783 1377 1822 Terrae
1410 1795 1453 1822 ac
1492 1783 1675 1822 Planetae
1718 1791 1830 1821 tran-

569 1847 704 1887 seunte
733 1847 962 1886 considerat.
1035 1845 1216 1883 Euoluta
1258 1847 1339 1882 iam
1393 1845 1571 1884 formula
1621 1843 1794 1897 generali
1817 1875 1829 1895 ,

571 1921 649 1961 qua
682 1906 932 1961 exprimitur
970 1906 1192 1960 proprietas
1227 1905 1473 1959 punctorum
1507 1907 1547 1945 in
1568 1906 1689 1959 plano
1707 1907 1832 1947 huius

569 1970 712 2012 circuli
747 1970 1005 2011 existentium
1028 2000 1039 2020 ‚
1079 1980 1120 2010 et
1158 1970 1384 2011 distantiam
1437 1977 1673 2010 centrorum
1723 1968 1832 2011 So'is

572 2047 615 2076 ac
650 2033 831 2075 Planetae
864 2033 932 2074 sub
963 2035 1057 2075 dato
1090 2034 1240 2086 angulo
1272 2033 1629 2086 conspicientium,
1663 2032 1702 2074 id
1722 2033 1832 2086 agit,

573 2109 621 2140 vt
652 2099 849 2148 ostendat,
882 2110 960 2151 qua
994 2098 1149 2138 ratione
1185 2111 1260 2152 pro
1292 2098 1438 2150 quouis
1471 2097 1645 2151 punito,
1675 2098 1717 2137 in
1753 2097 1831 2140 hoc

573 2163 697 2219 plano
728 2163 993 2218 reperiundo,
1026 2161 1233 2216 problema
1266 2161 1391 2214 solui,
1423 2170 1543 2216 atque
1574 2162 1623 2204 ad
1648 2160 1831 2202 Immer-

1679 2222 1832 2266 fionem
