1972 2652
570 198 1003 259 ”5033)0(}303<·
1353 210 1414 253 55

149 313 376 370 disquifit10
410 327 486 372 pro
511 326 614 361 voto
648 318 691 359 in
724 318 782 359 eis
815 317 1041 373 petrefaffis
1073 315 1244 363 successit
1265 347 1278 369 ,
1309 329 1421 372 quo-

151 392 248 421 rum
283 381 511 435 originalia
544 396 596 426 ex
630 395 758 436 regno
799 384 966 426 animali
1003 394 1044 425 et
1076 382 1290 438 vegetabili
1325 384 1421 425 satis

144 447 311 487 fuerunt
343 449 518 499 cognita.
583 447 773 491 Pluribus
807 461 907 491 vero
929 448 1234 492 difficultatibus
1251 460 1299 489 ea
1325 448 1418 489 sunt

144 510 346 563 subieeca,
398 525 582 567 quorum
623 512 852 566 Originalia
894 514 1097 568 sagacitati
1141 514 1413 566 Physicorum

144 573 352 630 hucusque
379 578 625 629 effugerunt.
688 580 826 618 Huius
860 579 1008 620 indolis
1039 579 1265 630 petrefactis
1289 577 1416 618 nostri

143 651 306 694 quoque
340 641 430 679 aeui
463 641 648 682 auctores
689 637 924 694 complures
945 671 958 691 ‚
1008 640 1239 682 Entrochos
1282 638 1418 680 Colu-

143 716 306 745 mnares
338 704 585 746 trochleatos
614 711 937 742 annumerarunt
958 734 969 754 ,
999 715 1147 755 eosque
1179 716 1285 743 nunc
1302 702 1416 745 Con-

141 767 278 820 chylia
329 778 433 807 nunc
486 763 699 819 Zoophita
755 765 971 820 petrefaeca
1023 764 1094 806 esse
1149 768 1417 808 crediderunt.

139 831 300 871 Auecor
335 829 638 872 Diss‘ertationis
673 842 747 886 per
777 830 998 884 complura
1031 831 1303 884 Exemplaria
1331 843 1415 872 non

138 904 303 936 tantum
344 894 546 948 anegata,
591 907 741 935 verum
781 907 945 950 quoque
988 896 1030 935 in
1071 895 1258 938 Conseffu
1303 895 1415 937 Αεει4

138 960 300 1001 demico
342 960 611 1002 demonstrata
634 992 646 1010 ‚
696 960 771 1001 hos
816 959 968 1015 lapides
1010 960 1231 1003 Entrochis
1278 958 1416 1002 Colu-

139 1026 344 1066 mnaribus
379 1024 469 1065 iure
503 1035 745 1066 annumerat
767 1056 778 1076 ,
805 1028 914 1079 qui,
955 1026 1018 1066 vti
1050 1036 1198 1067 notum
1232 1025 1287 1067 est
1309 1055 1326 1075 ,»
1362 1025 1411 1065 de

138 1086 276 1128 Stellis
312 1090 479 1125 marinis
519 1089 667 1126 diuerfi
708 1091 896 1137 generis,
937 1089 1160 1139 Encrinis,
1202 1100 1242 1130 et
1284 1089 1412 1140 Capi-

140 1144 244 1190 tibus
282 1149 501 1199 Medusae,
541 1159 682 1189 ortum
725 1149 847 1188 suum
891 1148 1077 1190 trahunt.
1156 1150 1223 1193 De
1255 1149 1330 1191 hac
1366 1162 1415 1191 re¹

137 1214 286 1254 certior
320 1213 444 1251 factus
478 1211 533 1248 est
567 1210 610 1248 in
645 1209 898 1262 Exemplare
938 1213 1116 1261 quodam
1158 1223 1212 1249 ex
1252 1214 1413 1254 ferrifo·

136 1276 246 1317 dinis¹
291 1273 608 1314 Huttenrodanis
657 1273 700 1312 iu
743 1273 950 1325 Hercynia
990 1283 1139 1325 eruto,
1181 1275 1290 1328 quod
1330 1276 1413 1318 dif-

135 1339 311 1381 fraftum
335 1338 505 1379 eandem
530 1337 685 1379 stellam
712 1349 990 1393 pentagonum
1021 1338 1246 1391 monstrat,
1280 1351 1408 1394 quam

134 1406 178 1445 in
211 1401 492 1458 compluribus
525 1402 701 1445 Trochis
740 1412 783 1444 et
824 1401 1047 1446 Entrochis
1089 1402 1411 1446 Columnaribus

133 1470 351 1513 cernimus.
420 1469 518 1509 Tab.
561 1469 666 1510 XII.
709 1468 779 1521 fig.
829 1479 868 1518 ς.
914 1468 1002 1508 eius
1035 1469 1195 1510 iconem
1227 1468 1406 1511 exhibet.

131 1533 336 1577 Sententia
367 1534 545 1574 auctoris
581 1534 713 1586 magis
744 1533 879 1575 adhuc
901 1534 1186 1575 corroboratur
1206 1546 1275 1587 per
1294 1533 1405 1576 aliud

133 1597 264 1639 adhuc
313 1597 542 1652 Exemplar
593 1599 692 1641 Tab.
745 1598 855 1640 ΧΙΙν
906 1599 980 1651 fig·
1022 1609 1064 1648 7.
1116 1598 1365 1639 delineatum
1391 1629 1403 1649 ,

134 1663 202 1704 vbi
233 1678 261 1705 a
293 1675 415 1704 axem
448 1663 649 1705 Entrochi
683 1664 914 1716 monstrat,
963 1664 1030 1704 cui
1066 1662 1259 1703 Trochus
1295 1662 1404 1702 circa

133 1724 237 1767 hanc
265 1739 385 1767 axem
419 1726 617 1766 versatilis
657 1727 855 1766 inhaeretr
933 1727 1050 1780 Quin.
1089 1727 1257 1777 immo,
1296 1724 1405 1778 ipsae

135 1786 209 1829 hae
242 1801 335 1831 axes
367 1788 601 1827 lucuIenter·
630 1788 824 1827 testantur
845 1818 856 1837 ‚
900 1787 1070 1840 Lapides
1103 1788 1195 1828 istos
1229 1789 1276 1828 ad
1310 1789 1400 1829 En-.

134 1851 379 1893 trochorum
413 1849 613 1890 familiam
650 1851 881 1902 pertinere,
914 1862 1011 1890 cum
1047 1853 1256 1890 neminem
1288 1853 1400 1903 fugi-

133 1926 173 1956 at
192 1947 203 1966 ,
238 1916 278 1955 T
280 1912 441 1954 rochos
460 1912 694 1967 complures
726 1914 774 1954 in-
802 1923 943 1955 centro
966 1913 1186 1968 perforatos
1209 1916 1399 1968 reperiri.

131 1979 330 2021 Omnibus
364 1989 462 2018 vero
505 1979 754 2030 argumentis
776 2008 788 2028 ‚
828 1978 960 2019 nostrav
999 1978 1163 2032 quidem
1203 1978 1398 2021 sententia

132 2041 315 2098 palmam
350 2043 576 2096 praeripere
612 2043 775 2084 videtur
796 2075 808 2095 ,
845 2044 1053 2085 Anatome
1086 2055 1301 2084 ramorum
1328 2044 1398 2086 ve}

131 2108 390 2149 brachiorum
440 2105 595 2161 Capitis
641 2106 826 2148 Medusae
866 2106 1298 2162 Archangelopol'itani
1350 2110 1397 2149 ab

132 2172 315 2217 Auctore
345 2170 606 2225 institutum,
632 2183 734 2228 quae
766 2173 805 2236 ei
838 2173 1005 2214 eandem
1038 2184 1135 2214 cum
1170 2172 1393 2215 Eutrochis

1280 2235 1393 2288 figu-
