1972 2652
953 200 1347 275 INDEX

796 317 1625 371 COMMENTARIORVNL
1698 342 1699 345 =

962 488 1466 551 Mathematica.

582 601 628 641 L.
662 600 821 650 Euleri,
854 601 921 640 De
965 601 1201 637 reductione
1235 599 1539 638 Formularum·
1574 592 1840 647 integralium

768 665 818 704 ad
873 661 1210 702 testificationem
1259 658 1426 713 Ellipfis
1481 673 1528 701 ac
1584 656 1839 714 Hyperbolae

773 738 864 779 pag.
900 737 941 772 3.

584 791 765 833 Eiusdem
784 819 795 839 ‚
830 787 1048 829 Elementa.
1076 784 1221 827 calculi
1255 787 1533 827 variationum
1572 797 1662 840 pag.
1698 794 1749 832 51
1789 792 1836 823 et

586 855 766 908 Eiusdem
788 884 798 904 ‚
832 852 1048 903 Analytica
1081 850 1300 906 explicatio
1333 849 1517 892 methodi
1558 850 1844 890 maximorum

775 926 815 957 et
850 918 1126 957 minimorum
1161 927 1248 969 pag.
1286 928 1360 964 94.

585 981 765 1024 Eiusdem
787 1014 799 1034 ‚
833 980 899 1021 De
931 980 1076 1032 infigni
1111 981 1369 1035 promotione
1390 977 1574 1020 methodi
1592 974 1850 1029 tangentium

777 1047 954 1086 inuersae
989 1056 1078 1098 pag.
1116 1054 1217 1093 135.

588 1108 770 1150 Eiusdem
792 1140 802 1158 ‚
835 1108 1158 1148 Dilucidationes
1200 1110 1248 1145 cle
1287 1105 1590 1143 Tautochronis
1637 1106 1680 1141 in
1714 1103 1850 1141 medio

777 1170 974 1211 resistente
1009 1181 1106 1221 pag..
1139 1172 1242 1215 156.
1837 1207 1841 1213 .

588 1231 776 1276 Eiusdem
800 1261 810 1281 ,
842 1228 1148 1271 Demonstratio
1195 1229 1234 1267 T
1237 1227 1481 1267 heorematis
1539 1222 1860 1279 Bernoulliani4

782 1297 891 1347 quod
924 1306 974 1334 ex
1014 1290 1250 1331 euolutione
1289 1301 1436 1330 curuae
1474 1290 1747 1342 cuiuscunque
1788 1302 1856 1330 te.-

781 1357 993 1411 &ang-ulae
1018 1357 1059 1396 in
1088 1354 1302 1395 infinitum
1329 1354 1557 1394 continuata
1581 1353 1743 1396 tandem
1766 1352 1861 1406 Cy·—

785 1423 932 1463 cloides
965 1421 1173 1462 nascantur
1208 1429 1295 1473 pag.
1333 1428 1437 1468 179.
1849 1405 1857 1412 ”

596 1485 843 1529 Kotelnikouii
864 1518 874 1538 ‚
908 1485 1212 1528 Demonstratio
1244 1483 1363 1523 seriei

787 1565 818 1601 4
864 1555 906 1591 6.
947 1563 1014 1590 10.
1052 1562 1120 1597 14.
1163 1554 1233 1588 18.
1267 1561 1338 1587 22.
1405 1578 1414 1587 .
1482 1579 1490 1587 .
1559 1577 1567 1586 .
1635 1542 1852 1600 (ιμ’-ια)

787 1634 828 1661 0.
868 1634 905 1669 3.
967 1634 1009 1669 4.
1080 1630 1118 1666 5.
1186 1621 1226 1657 6.
1294 1626 1335 1666 7.
1403 1649 1410 1656 .
1477 1649 1485 1656 .
1553 1649 1561 1658 .
1659 1616 1835 1671 (n-L)¹

792 1684 991 1724 exhibitae
1027 1685 1070 1723 in
1104 1680 1327 1722 recensione
1361 1681 1436 1721 VI.
1461 1682 1588 1722 Tomi
1607 1681 1704 1724 Vn.
1740 1693 1861 1722 com·

789 1748 1086 1789 ment-ariorum
1120 1748 1172 1787 A.
1207 1745 1255 1786 Si„
1281 1745 1321 1783 P.
1357 1757 1445 1798 pag.
1486 1758 1585 1794 199,

828 1849 1642 1925 Physico-Mathematica,

608 1974 818 2033 LffiEuleri
835 2005 847 2025 ,
881 1972 946 2014 De
979 1981 1098 2014 motu
1134 1972 1314 2026 corporis
1339 1972 1386 2012 ad
1418 1971 1500 2011 duo
1532 1970 1692 2010 virium
1726 1980 1859 2013 centra

794 2038 952 2079 attracti
988 2046 1077 2091 pffg.
1116 2047 1216 2086 207.

613 2102 789 2146 Eiusdem
812 2133 823 2154 ‚
857 2101 923 2143 De
960 2112 1080 2142 motu
1112 2101 1334 2144 vibratorio
1360 2108 1656 2153 tympanorum
1693 2112 1731 2153 p.
1755 2109 1856 2148 243.

609 2166 788 2208 Eiusdem
809 2198 820 2218 ,
854 2167 1082 2208 Teuta-men
1125 2167 1172 2207 de
1213 2167 1309 2211 sono
1341 2175 1626 2220 campanarum
1661 2176 1698 2216 p.
1737 2165 1840 2201 261.

1700 2224 1831 2280 Aepim'
1851 2255 1863 2277 ‚
