1972 2652
522 193 996 253 ‘OPTICAR
1318 217 1416 267 αδ,

295 317 522 376 Quanquam
552 330 681 362 autem
717 320 851 362 vltima
886 320 980 362 haec
1012 316 1186 360 sententia
1237 317 1413 373 phaeno-

155 381 280 426 meuis
300 415 312 435 ‚
361 385 529 438 verisque
569 385 776 439 dioptrices
807 384 945 436 legibus
964 416 976 436 ‚
1026 383 1146 435 magis
1174 384 1376 423 consentiat
1396 414 1410 436 ,

156 459 270 499 quam
304 446 475 500 priores,
509 460 629 502 neque
662 449 814 488 asserere
845 447 959 488 ausim
983 479 994 498 ,
1035 445 1198 487 omnino
1228 447 1411 487 morbum

155 508 299 553 huncce
331 521 458 552 ortum
490 510 582 552 hinc
614 510 762 552 trahere
793 521 872 552 non
905 510 1007 564 poffe
1027 541 1038 561 ‚
1091 510 1246 563 propria
1284 518 1411 550 tamen

154 573 393 624 experientia
425 575 617 614 conuictus
648 573 769 614 existo
790 605 801 624 ,
853 574 933 613 dari
966 573 1173 613 minimum
1220 572 1413 613 interdum

155 634 286 688 casus,
337 636 400 675 vbi
450 637 607 676 morbus
660 635 845 676 eiusmodi
892 634 1018 676 sedem
1066 633 1168 674 suam
1215 635 1256 674 in
1287 636 1412 677 tunica

155 699 274 743 terina
308 700 470 738 omnino
501 711 578 738 non
610 698 736 738 habet.

156 764 158 767 ’
290 767 444 807 Laboro
474 778 616 819 nempe
648 766 724 817 ipse
757 764 834 804 hoc
867 765 1009 806 morbo
1059 776 1111 806 ex
1160 764 1279 820 longo
1331 766 1411 808 iam

153 835 330 881 tempore
349 859 361 879 ,
397 841 439 869 ae
472 828 673 870 forman-a
707 828 840 882 primis
871 828 1046 869 infantiae
1078 829 1213 883 anni53
1281 838 1411 870 ortum

151 892 258 932 enim
308 891 418 943 ipsius
466 893 603 945 ignoto
622 923 635 944 ,
681 903 798 945 neque
847 903 1016 945 vnquam
1057 891 1122 934 has
1154 892 1316 933 maculas
1347 905 1413 934 me

151 954 352 995 obseruaffe
387 956 575 1006 memini,
621 954 687 995 nis}
721 965 806 994 ante
841 965 897 993 10
932 956 1077 995 circiter
1122 967 1270 1008 annos,
1321 966 1410 998 cum

150 1017 342 1058 obiectum
377 1018 567 1071 quoddam
601 1018 787 1058 eleuatum
813 1048 823 1068 ,
872 1018 986 1058 coelo
1038 1018 1222 1058 existente
1274 1019 1414 1060 admo-

150 1081 244 1121 dum
276 1080 432 1128 sereno,
466 1081 745 1133 contemplans,
776 1081 944 1132 primum
978 1091 1040 1118 eus
1059 1080 1309 1120 obseruarem.
1344 1081 1411 1122 Ex

149 1154 201 1182 eo
232 1151 407 1193 tempore
437 1143 580 1195 penitus
610 1145 763 1182 eaedem
798 1143 1057 1194 perstiterunt,
1089 1155 1203 1196 vsque
1237 1144 1283 1182 ad
1312 1155 1407 1184 rern-

150 1215 237 1258 pus,
268 1216 346 1256 quo
378 1204 472 1244 haec
507 1204 647 1248 scribo.
680 1205 746 1243 vbi
779 1204 900 1244 adhuc
936 1216 1122 1255 numero,
1154 1207 1412 1258 magnitudine

151 1278 191 1307 et
224 1266 314 1306 loco
347 1266 501 1321 praecise
535 1267 626 1306 tales
657 1276 840 1320 apparent
866 1299 878 1320 ‚
923 1269 979 1308 vti
1018 1268 1244 1322 apparebant
1267 1298 1280 1320 ,
1317 1270 1412 1310 dum

150 1332 320 1385 primum
355 1329 442 1385 ipsius
473 1342 680 1370 cernerem.

300 1409 635 1462 Opportunitatcm
670 1409 792 1460 itaque
828 1408 984 1459 metus,
1036 1421 1113 1464 ope
1154 1409 1412 1463 experientiae

151 1470 191 1512 in
230 1484 360 1513 veram
412 1473 540 1512 morbi
583 1483 748 1512 naturam
801 1471 1046 1525 inquirendi,
1081 1473 1279 1524 exacuas,
1317 1487 1409 1528 quae

152 1535 272 1589 ipsum
306 1535 538 1576 comitantur
560 1567 571 1587 ‚
604 1535 895 1576 circumstantias
921 1537 1112 1576 annotani.
1148 1537 1413 1578 Animaduerti

151 1607 276 1638 autem
311 1598 430 1638 statim
449 1631 460 1649 ‚
490 1597 646 1651 duplicis
677 1596 767 1652 effe,
799 1609 892 1652 quire
926 1597 1022 1638 mihi
1056 1609 1262 1653 apparent,
1290 1611 1410 1651 gene·

151 1660 202 1702 ris
223 1692 234 1712 ,
268 1660 456 1716 mac111233
491 1673 653 1715 namque

276 1739 315 1795 1)
351 1741 375 1782 fi
410 1741 601 1781 Obie-‘rum
636 1742 794 1794 album,
826 1751 888 1782 aut
917 1740 1066 1782 coelum
1100 1735 1413 1794 serenumseon-

154 1804 334 1858 tempior,
364 1804 477 1844 video
511 1805 672 1858 figurae,
701 1816 795 1859 quae
845 1804 1007 1845 referunt
1047 1802 1110 1844 fila
1143 1804 1310 1857 nodosa,
1343 1818 1412 1845 va-

154 1868 209 1908 tia
242 1869 384 1908 ratione
415 1867 480 1908 fibi
512 1866 680 1921 implexa
699 1900 710 1919 ,
745 1880 788 1908 ac
818 1867 1082 1921 transparentiu
1103 1897 1116 1918 ‚
1148 1866 1247 1920 quasi
1280 1880 1412 1909 cerne-

156 1941 239 1971 rem
274 1930 356 1971 vasa
390 1930 646 1984 lymphatica,
679 1931 869 1984 aliquoties
901 1931 965 1972 fibi
996 1930 1166 1984 implexa
1192 1959 1203 1980 ,
1233 1929 1414 1985 lympha-

156 2004 229 2046 que
261 1994 467 2034 admodum
501 2004 753 2047 transpnreute
783 1994 940 2046 turgida.

277 2077 319 2123 2)
352 2070 519 2111 Obseruo
550 2071 713 2112 maculas
761 2071 934 2123 quasdam
993 2066 1178 2121 prioribus
1206 2066 1414 2109 adhaeren-

154 2143 212 2178 tes
236 2166 246 2185 ,
299 2134 472 2174 rotund-as
503 2143 613 2185 atque
647 2145 813 2188 opacas,
862 2144 939 2173 non
972 2132 1117 2183 penitus
1150 2140 1276 2172 tamen
1297 2161 1309 2181 ‚
1350 2132 1410 2172 sed

221 2197 339 2241 Tom.
352 2195 528 2239 X.Nou.
540 2194 701 2238 Comm.
963 2194 1002 2236 O
1019 2205 1047 2235 o
1298 2192 1411 2236 instat
