1972 2652
409 1082 491 1117 Tab.
518 1079 564 1118 V.

435 1130 507 1180 Fig.
539 1147 571 1176 3·

610 205 697 256 ³294
811 190 1651 247 OBSERVATIO'NES.

753 301 974 371 Quanquam
1028 313 1075 355 de
1124 313 1224 356 causa
1269 315 1519 369 phaenomeni
1572 315 1678 357 huius
1728 312 1858 356 dubius

606 378 780 419 haeream
803 411 813 429 ‚
843 378 1003 430 suspicor
1054 386 1181 418 tamen
1216 379 1303 420 inde
1338 380 1417 434 peti
1446 392 1533 420 eam
1567 380 1723 430 debere,
1755 377 1857 432 quod

723 471 762 526 1)
794 470 861 512 Sol
881 472 1003 511 oriens
1032 483 1076 512 ac
1107 474 1279 514 occidens
1307 474 1426 515 luceat
1458 473 1567 513 radiis
1586 472 1716 525 rubris,
1734 472 1856 513 idem-

602 548 675 589 que
706 535 769 576 fiat
802 548 822 575 a
855 534 1024 587 candelis,
1058 534 1190 587 quibus·
1218 537 1379 587 vtimur,
1411 538 1604 577 consuetis.

721 633 762 679 2)
796 627 909 681 Quod
944 636 1089 681 practer
1121 628 1307 670 diredium
1352 627 1450 671 Solis
1496 628 1627 669 lumen
1648 660 1659 679 ,
1693 637 1855 681 corpora

602 692 730 731 omnia
771 690 990 732 illustrentur
1044 690 1126 732 luce
1154 693 1274 733 adhuc
1305 692 1377 732 alia
1399 725 1410 744 ,
1455 703 1569 745 quam
1601 691 1726 732 lucem
1759 691 1856 731 diur-

600 765 689 792 nam
723 764 917 793 vocamus.
982 752 1092 795 Dum
1126 755 1229 795 enim
1264 752 1367 796 Solis
1398 754 1489 794 radii
1515 755 1687 795 'incidunt
1719 755 1759 793 in
1791 765 1856 793 ae-

599 828 681 855 rem
704 849 714 868 ,
745 817 859 857 nubes
883 845 894 860 ,
923 829 1153 870 corporaque
1183 817 1362 857 terrestria
1395 826 1533 856 caetera
1551 847 1561 867 ‚
1613 815 1855 868 irregulariter

598 877 688 918 hinc
720 879 961 920 reflectuntur
982 911 994 932 ‚
1042 893 1084 920 ac
1116 879 1378 933 quaquauersus
1423 879 1709 928 distribuuntur,
1759 877 1854 917 haec

597 952 691 981 vero
722 942 787 982 lux
821 943 995 993 reflexa,
1031 943 1068 982 in
1101 954 1255 996 corpora
1288 942 1466 986 incidens,
1497 941 1621 983 valide
1654 939 1730 994 ipffi
1770 940 1852 980 illu»
1884 958 1889 962 “

597 1003 712 1056 strat,
764 1016 974 1058 quanquam
1007 1004 1110 1046 Solis
1142 1005 1230 1046 radii
1262 1005 1391 1046 diree'ti
1424 1017 1472 1045 eo
1506 1016 1584 1045 non
1619 1003 1851 1058 pertingant.

733 1093 774 1137 Si
806 1109 896 1150 ergo
928 1097 1006 1138 EF
1040 1099 1286 1151 repraesentet
1318 1097 1478 1140 tabulam
1504 1129 1515 1148 ,
1564 1097 1602 1136 in
1648 1107 1719 1149 qua
1764 1096 1855 1144 'vmf

595 1160 658 1213 bra
691 1160 899 1213 excipitur,
950 1160 1029 1202 AB
1063 1173 1201 1214 corpus
1235 1161 1411 1201 vmhram
1447 1159 1647 1213 proficiens
1665 1190 1678 1210 ,
1723 1159 1856 1199 cadat-

594 1235 666 1275 que
700 1223 833 1262 vmbra
855 1255 865 1273 ,
898 1236 1011 1276 quarn
1046 1222 1210 1264 efficiunt
1246 1233 1309 1261 aut
1343 1221 1441 1263 Solis
1473 1222 1664 1263 horizonti
1696 1222 1851 1277 propin-

595 1285 696 1337 qui,
730 1295 790 1324 aut
829 1286 1003 1326 candelae
1037 1287 1130 1326 radii
1162 1285 1295 1325 diresti
1330 1285 1368 1324 in
1402 1284 1486 1325 CD
1880 1279 1882 1281 ’

718 1376 758 1432 1)
790 1390 870 1431 pars
902 1378 1046 1418 tabulae
1078 1376 1156 1417 EC
1195 1392 1240 1420 ac
1288 1377 1650 1421 Dngllustrabitur
1679 1387 1779 1422 >tam
1830 1390 1852 1417 a

597 1441 737 1481 lumine
770 1442 934 1489 diurno,
978 1452 1088 1493 quam
1122 1454 1142 1480 a
1175 1440 1314 1482 lumine
1345 1439 1559 1479 rubescente
1579 1470 1590 1490 ‚
1620 1439 1720 1491 quod
1753 1436 1852 1484 Solis

595 1513 658 1543 aut
689 1505 863 1543 candelae
896 1505 986 1544 radii
1020 1503 1267 1557 suppeditant.

713 1603 755 1649 2)
786 1595 885 1636 Cum
919 1609 1055 1650 corpus
1099 1596 1179 1638 ΑΒ
1227 1597 1434 1649 intercipiat
1486 1593 1605 1634 radios
1651 1593 1780 1633 rubros
1829 1605 1850 1634 a

594 1654 684 1700 Sole
717 1672 780 1700 aut
828 1660 982 1699 candela
1016 1671 1259 1711 emanantes,
1292 1673 1373 1713 pars
1406 1655 1492 1697 CD
1525 1668 1599 1695 non
1634 1655 1846 1705 illustratur‚·

570 1719 659 1761 'nisi
713 1722 794 1762 luce
845 1723 975 1762 diurna
1025 1723 1110 1763 sola.
1180 1721 1335 1762 Constat
1385 1722 1532 1773 itaque,
1587 1730 1672 1763 eam
1703 1718 1848 1763 tabulae

596 1793 742 1838 partem
769 1817 779 1838 ‚
833 1796 925 1838 quae
958 1785 1084 1826 diurna
1116 1786 1235 1826 solum
1270 1786 1351 1826 luce
1385 1782 1606 1830 illustratur,
1658 1768 1776 1843 videri
1810 1781 1847 1837 in*

1772 1843 1848 1883 hoc

697 2018 786 2052 fuisse
810 2020 881 2054 satis
906 2021 1073 2064 eleganter
1104 2020 1232 2055 virides.
1306 2023 1405 2063 Erat,
1431 2032 1507 2053 cum
1530 2018 1595 2052 hoc
1619 2017 1847 2052 obseruarem‚

699 2079 753 2101 aer
777 2068 887 2115 sparsis
912 2070 1051 2104 nubibus
1076 2071 1279 2108 rubicundo,
1305 2079 1358 2104 aut
1384 2082 1482 2104 aureo
1508 2070 1630 2115 potius,
1655 2068 1765 2102 colore
1788 2066 1847 2099 tin-

701 2114 782 2154 ffis,
806 2118 974 2164 repletus,
998 2121 1083 2154 vnde
1106 2123 1155 2154 vix
1180 2121 1313 2155 dubium
1338 2118 1401 2154 effe
1424 2117 1529 2166 potest
1544 2142 1552 2155 ‚
1577 2117 1678 2151 flauos
1702 2116 1805 2150 radios
1831 2126 1848 2146 a

698 2165 794 2200 nubi-²
818 2166 982 2205 reflexos,
1017 2170 1170 2204 coeruleo
1204 2171 1393 2205 vmbrarum
1428 2169 1528 2203 colori
1562 2169 1698 2204 mixtas,
1730 2163 1846 2198 virides

696 2215 864 2251 reddidisse
888 2215 1030 2253 vmbras.
