1972 2652
600 227 660 269 86
936 210 1512 267 ,ELEMENTA

599 345 684 378 tum
718 334 871 375 euidens
900 329 965 380 est,
993 330 1072 370 fore
1102 330 1180 372 eius
1213 329 1490 371 variationem:

750 395 1562 447 5U2146OE÷I<s3<l>s÷l<ss30ss
1578 407 1651 441 etc.

601 489 640 521 at
682 476 912 518 variationes
964 470 1073 525 δΦ,
1111 470 1214 514 &cDs
1231 506 1242 525 ‚
1277 470 1302 513 ὃ
1312 466 1387 522 (1)ss
1422 481 1499 511 etc.
1553 484 1621 525 per
1671 479 1868 526 praecepta

599 542 721 583 modo
752 538 924 592 expofita
958 536 1246 590 assignabuntur.
1310 535 1435 577 Simul
1469 547 1563 575 vero
1597 545 1716 589 patet,
1750 537 1868 576 varia-

602 608 749 646 tionem
784 600 809 643 δ
825 601 861 643 U
897 601 1043 655 semper
1077 600 1300 642 huiusmodi
1352 601 1474 641 forma
1523 600 1739 653 expressum
1787 599 1870 651 iri,

603 680 646 710 vt
679 669 747 710 fit:

603 743 936 802 3V:J(A)dx
947 742 1387 798 5y÷(B)5y—÷-(C>
1395 727 1785 798 d³y÷(D)dff-‘³2f-.·y÷
1796 750 1870 784 etc

603 820 669 859 vbi
702 818 806 869 (A),
844 814 948 867 (B),
986 814 1077 869 (C),
1109 827 1183 856 etc,
1218 819 1297 855 sunt
1329 817 1537 856 fiinc'tiones
1568 829 1621 855 ex
1654 815 1787 868 regulis
1816 813 1874 853 su·

605 895 675 937 pra
709 880 853 922 traditis
883 880 1148 921 inueniendue.
1231 878 1339 918 Istius
1368 890 1496 919 autem
1533 878 1664 918 calculi
1698 877 1874 918 variatio—

606 958 701 987 num
736 946 844 985 vsum
883 944 922 982 in
956 943 1138 983 solutione
1170 941 1408 983 celeberrimi
1442 942 1685 996 problematis
1717 940 1873 992 isoperi-

609 1010 790 1055 metrici,
824 1006 996 1047 latiffima
1030 1005 1296 1063 significatione
1327 1007 1490 1060 accepti,
1524 1005 1684 1045 breuiter
1718 1003 1874 1045 indicari

605 1079 826 1114 conueniet.

613 1194 952 1275 Applicat‘io
995 1195 1215 1253 Calcuii
1257 1194 1633 1252 variationum
1677 1187 1746 1248 ad
1800 1188 1877 1247 so-

659 1280 937 1336 lutionem
993 1280 1357 1357 problematis
1405 1275 1835 1357 isoperimetrici

752 1359 1009 1420 latiffima
1052 1359 1457 1442 fignificatione
1501 1362 1738 1440 accepti.

765 1472 839 1507 62.
874 1467 1075 1509 Problema
1111 1470 1334 1522 primarium
1369 1470 1443 1510 huc
1475 1470 1640 1523 spestans
1670 1469 1722 1507 ita
1762 1477 1883 1506 enun-

615 1531 707 1573 ciari
758 1531 912 1585 potest,
967 1542 1011 1571 vt
1045 1534 1143 1572 inter
1171 1546 1305 1574 omnes
1336 1544 1462 1573 curuas
1495 1533 1603 1587 super
1634 1531 1765 1571 eadem
1796 1531 1882 1570 data

617 1596 690 1635 basi
719 1607 846 1636 xza
881 1596 1107 1636 extruendas
1126 1628 1137 1647 ‚
1170 1609 1213 1637 ea
1246 1596 1477 1651 definiatur,
1519 1608 1589 1649 pro
1621 1607 1692 1648 qua
1725 1592 1883 1633 formula

618 1659 818 1711 quaepiam
855 1658 893 1698 U
927 1659 1145 1699 maximum
1182 1662 1435 1701 minimumue
1473 1661 1647 1699 valorem
1702 1657 1885 1698 obtineat.

618 1722 699 1764 Etsi
736 1722 840 1761 enim
871 1722 1085 1761 enunciatio
1118 1724 1366 1774 problematis
1397 1735 1520 1763 curuas
1551 1731 1700 1762 tantum
1719 1720 1884 1760 eiusdem

620 1785 866 1838 longitudinis
915 1784 1214 1837 compleffitur,
1264 1794 1394 1825 tamen
1445 1785 1538 1825 haec
1569 1785 1740 1824 conditio
1774 1795 1888 1822 com-

623 1855 740 1890 mode
762 1879 774 1899 ‚
809 1858 853 1887 vt
887 1847 965 1887 eius
993 1849 1155 1888 ambitus
1188 1850 1292 1890 latius
1326 1858 1474 1901 pateat,
1506 1849 1729 1896 omittitur,
1768 1857 1888 1899 neque

625 1913 738 1950 etiam
775 1912 1143 1951 commemoratione
1178 1914 1310 1952 vnicae
1343 1912 1525 1952 formulae
1559 1911 1622 1962 U,
1657 1911 1759 1951 cuius
1782 1911 1889 1949 valor

626 1973 822 2014 maximus
857 1974 1086 2014 minimusue
1121 1978 1277 2016 euadere
1313 1976 1458 2025 debet,
1508 1976 1586 2015 eius
1617 1975 1674 2014 vis
1720 1972 1890 2025 restringi

627 2036 681 2075 est
714 2036 917 2087 censenda:,
955 2038 1153 2090 postquam
1190 2040 1225 2078 in
1259 2051 1394 2092 genere
1427 2038 1699 2078 demonstraui:
1736 2037 1762 2078 fi
1793 2037 1889 2076 inter

630 2110 765 2138 omnes
794 2111 920 2138 curuas
954 2099 1060 2151 super
1092 2102 1227 2141 eadem
1263 2103 1335 2142 bisi
1365 2114 1454 2143 x:
1469 2114 1495 2141 a
1530 2101 1783 2151 extruendas,
1817 2107 1890 2150 pro

632 2162 767 2219 quibus
800 2161 959 2203 formula
995 2162 1029 2202 V
1066 2166 1226 2205 eundem
1261 2166 1490 2206 nancitcatur
1537 2165 1708 2206 valorem
1732 2193 1745 2217 ,
1793 2160 1889 2201 defi·

1821 2236 1893 2266 nin
