<?xml version="1.0" encoding="UTF-8"?>
<!DOCTYPE html PUBLIC "-//W3C//DTD XHTML 1.0 Transitional//EN"
    "http://www.w3.org/TR/xhtml1/DTD/xhtml1-transitional.dtd">
<html xmlns="http://www.w3.org/1999/xhtml" xml:lang="en" lang="en">
 <head>
  <title>
</title>
<meta http-equiv="Content-Type" content="text/html;charset=utf-8" />
  <meta name='ocr-system' content='tesseract 3.04.00' />
  <meta name='ocr-capabilities' content='ocr_page ocr_carea ocr_par ocr_line ocrx_word'/>
</head>
<body>
  <div class='ocr_page' id='page_1' title='image "./novicommentariac10impe_0168.png"; bbox 0 0 1972 2652; ppageno 0'>
   <div class='ocr_carea' id='block_1_1' title="bbox 596 163 1499 218">
    <p class='ocr_par' dir='ltr' id='par_1_1' title="bbox 596 163 1499 218">
     <span class='ocr_line' id='line_1_1' title="bbox 596 163 1499 218; baseline -0.004 -1"><span class='ocrx_word' id='word_1_1' title='bbox 596 180 652 218; x_wconf 72' lang='lat' dir='ltr'>ss</span> <span class='ocrx_word' id='word_1_2' title='bbox 950 163 1499 213; x_wconf 58' lang='lat' dir='ltr'><strong><em>ELEMENT‘A</em></strong></span> 
     </span>
    </p>
   </div>
   <div class='ocr_carea' id='block_1_2' title="bbox 579 280 1857 896">
    <p class='ocr_par' dir='ltr' id='par_1_2' title="bbox 579 280 1857 896">
     <span class='ocr_line' id='line_1_2' title="bbox 595 280 1852 339; baseline -0.002 -13"><span class='ocrx_word' id='word_1_3' title='bbox 595 285 663 326; x_wconf 88' lang='lat' dir='ltr'>bus</span> <span class='ocrx_word' id='word_1_4' title='bbox 697 283 884 339; x_wconf 79' lang='lat' dir='ltr'>particulis</span> <span class='ocrx_word' id='word_1_5' title='bbox 915 280 942 323; x_wconf 70' lang='grc' dir='ltr'><em>δ</em></span> <span class='ocrx_word' id='word_1_6' title='bbox 947 296 980 334; x_wconf 85' lang='lat' dir='ltr'><em>y</em></span> <span class='ocrx_word' id='word_1_7' title='bbox 1012 290 1242 336; x_wconf 77' lang='lat' dir='ltr'>augeantur3</span> <span class='ocrx_word' id='word_1_8' title='bbox 1290 291 1327 322; x_wconf 91' lang='lat' dir='ltr'>et</span> <span class='ocrx_word' id='word_1_9' title='bbox 1361 281 1710 337; x_wconf 88' lang='lat' dir='ltr'>quomodocunque</span> <span class='ocrx_word' id='word_1_10' title='bbox 1756 280 1852 324; x_wconf 84' lang='lat' dir='ltr'>haec</span> 
     </span>
     <span class='ocr_line' id='line_1_3' title="bbox 594 346 1853 403; baseline -0.002 -13"><span class='ocrx_word' id='word_1_11' title='bbox 594 359 797 403; x_wconf 84' lang='lat' dir='ltr'>augmenta</span> <span class='ocrx_word' id='word_1_12' title='bbox 830 349 963 387; x_wconf 82' lang='lat' dir='ltr'>fuerint</span> <span class='ocrx_word' id='word_1_13' title='bbox 997 356 1248 402; x_wconf 83' lang='lat' dir='ltr'>comparata,</span> <span class='ocrx_word' id='word_1_14' title='bbox 1298 348 1478 400; x_wconf 83' lang='lat' dir='ltr'>quoniam</span> <span class='ocrx_word' id='word_1_15' title='bbox 1510 347 1654 401; x_wconf 90' lang='lat' dir='ltr'>prorsus</span> <span class='ocrx_word' id='word_1_16' title='bbox 1682 346 1763 387; x_wconf 90' lang='lat' dir='ltr'>sunt</span> <span class='ocrx_word' id='word_1_17' title='bbox 1793 359 1853 388; x_wconf 84' lang='lat' dir='ltr'>ar·</span> 
     </span>
     <span class='ocr_line' id='line_1_4' title="bbox 592 411 1849 464; baseline -0.002 -12"><span class='ocrx_word' id='word_1_18' title='bbox 592 413 769 463; x_wconf 71' lang='lat' dir='ltr'>birram-a,</span> <span class='ocrx_word' id='word_1_19' title='bbox 818 423 938 464; x_wconf 91' lang='lat' dir='ltr'>neque</span> <span class='ocrx_word' id='word_1_20' title='bbox 989 411 1074 452; x_wconf 89' lang='lat' dir='ltr'>vllo</span> <span class='ocrx_word' id='word_1_21' title='bbox 1124 412 1246 452; x_wconf 87' lang='lat' dir='ltr'>modo</span> <span class='ocrx_word' id='word_1_22' title='bbox 1296 423 1318 450; x_wconf 86' lang='lat' dir='ltr'>a</span> <span class='ocrx_word' id='word_1_23' title='bbox 1367 412 1401 450; x_wconf 83' lang='lat' dir='ltr'>se</span> <span class='ocrx_word' id='word_1_24' title='bbox 1434 411 1597 451; x_wconf 90' lang='lat' dir='ltr'>inuicem</span> <span class='ocrx_word' id='word_1_25' title='bbox 1635 412 1849 464; x_wconf 78' lang='lat' dir='ltr'>pendentia.</span> 
     </span>
     <span class='ocr_line' id='line_1_5' title="bbox 589 474 1857 528; baseline -0.002 -12"><span class='ocrx_word' id='word_1_26' title='bbox 589 475 726 528; x_wconf 84' lang='lat' dir='ltr'>Neque</span> <span class='ocrx_word' id='word_1_27' title='bbox 759 475 873 515; x_wconf 84' lang='lat' dir='ltr'>etiam</span> <span class='ocrx_word' id='word_1_28' title='bbox 908 485 1003 527; x_wconf 84' lang='lat' dir='ltr'>opus</span> <span class='ocrx_word' id='word_1_29' title='bbox 1032 476 1082 516; x_wconf 89' lang='lat' dir='ltr'>est</span> <span class='ocrx_word' id='word_1_30' title='bbox 1107 503 1119 526; x_wconf 88' lang='lat'>‚</span> <span class='ocrx_word' id='word_1_31' title='bbox 1153 485 1195 515; x_wconf 83' lang='lat' dir='ltr'>vt</span> <span class='ocrx_word' id='word_1_32' title='bbox 1226 475 1404 516; x_wconf 85' lang='lat' dir='ltr'>omnibus</span> <span class='ocrx_word' id='word_1_33' title='bbox 1452 475 1643 515; x_wconf 82' lang='lat' dir='ltr'>valoribus</span> <span class='ocrx_word' id='word_1_34' title='bbox 1674 474 1783 528; x_wconf 83' lang='lat' dir='ltr'>ipiius</span> <span class='ocrx_word' id='word_1_35' title='bbox 1815 487 1857 524; x_wconf 85' lang='lat' dir='ltr'>y.</span> 
     </span>
     <span class='ocr_line' id='line_1_6' title="bbox 588 538 1853 592; baseline -0.001 -13"><span class='ocrx_word' id='word_1_36' title='bbox 588 538 802 579; x_wconf 68' lang='lat' dir='ltr'>huiusmodi</span> <span class='ocrx_word' id='word_1_37' title='bbox 833 538 1059 579; x_wconf 67' lang='lat' dir='ltr'>variationes</span> <span class='ocrx_word' id='word_1_38' title='bbox 1092 539 1329 592; x_wconf 82' lang='lat' dir='ltr'>tribuantur,</span> <span class='ocrx_word' id='word_1_39' title='bbox 1383 538 1444 578; x_wconf 89' lang='lat' dir='ltr'>sed</span> <span class='ocrx_word' id='word_1_40' title='bbox 1478 538 1552 578; x_wconf 84' lang='lat' dir='ltr'>flue</span> <span class='ocrx_word' id='word_1_41' title='bbox 1585 538 1716 579; x_wconf 90' lang='lat' dir='ltr'>vnicus</span> <span class='ocrx_word' id='word_1_42' title='bbox 1746 540 1853 591; x_wconf 85' lang='lat' dir='ltr'>quis·</span> 
     </span>
     <span class='ocr_line' id='line_1_7' title="bbox 585 601 1847 657; baseline 0 -15"><span class='ocrx_word' id='word_1_43' title='bbox 585 604 691 655; x_wconf 79' lang='lat' dir='ltr'>piam</span> <span class='ocrx_word' id='word_1_44' title='bbox 718 635 728 656; x_wconf 79' lang='lat'>‚</span> <span class='ocrx_word' id='word_1_45' title='bbox 761 601 833 643; x_wconf 87' lang='lat' dir='ltr'>fiue</span> <span class='ocrx_word' id='word_1_46' title='bbox 866 602 969 654; x_wconf 85' lang='lat' dir='ltr'>duo,</span> <span class='ocrx_word' id='word_1_47' title='bbox 1005 602 1076 643; x_wconf 88' lang='lat' dir='ltr'>fiue</span> <span class='ocrx_word' id='word_1_48' title='bbox 1110 612 1349 657; x_wconf 85' lang='lat' dir='ltr'>quotcunque</span> <span class='ocrx_word' id='word_1_49' title='bbox 1382 615 1454 655; x_wconf 84' lang='lat' dir='ltr'>pro</span> <span class='ocrx_word' id='word_1_50' title='bbox 1483 602 1601 642; x_wconf 90' lang='lat' dir='ltr'>lubitu</span> <span class='ocrx_word' id='word_1_51' title='bbox 1635 602 1847 654; x_wconf 81' lang='lat' dir='ltr'>varientur,</span> 
     </span>
     <span class='ocr_line' id='line_1_8' title="bbox 583 664 1846 720; baseline 0 -15"><span class='ocrx_word' id='word_1_52' title='bbox 583 666 731 719; x_wconf 84' lang='lat' dir='ltr'>semper</span> <span class='ocrx_word' id='word_1_53' title='bbox 761 678 878 719; x_wconf 85' lang='lat' dir='ltr'>aeque</span> <span class='ocrx_word' id='word_1_54' title='bbox 913 664 1059 707; x_wconf 83' lang='lat' dir='ltr'>neceffe</span> <span class='ocrx_word' id='word_1_55' title='bbox 1094 666 1176 717; x_wconf 87' lang='lat' dir='ltr'>est,</span> <span class='ocrx_word' id='word_1_56' title='bbox 1228 676 1269 706; x_wconf 84' lang='lat' dir='ltr'>vt</span> <span class='ocrx_word' id='word_1_57' title='bbox 1302 666 1489 717; x_wconf 81' lang='lat' dir='ltr'>variatio,</span> <span class='ocrx_word' id='word_1_58' title='bbox 1541 677 1637 720; x_wconf 84' lang='lat' dir='ltr'>quae</span> <span class='ocrx_word' id='word_1_59' title='bbox 1669 665 1755 706; x_wconf 89' lang='lat' dir='ltr'>inde</span> <span class='ocrx_word' id='word_1_60' title='bbox 1805 666 1846 706; x_wconf 88' lang='lat' dir='ltr'>in</span> 
     </span>
     <span class='ocr_line' id='line_1_9' title="bbox 584 728 1843 782; baseline 0 -13"><span class='ocrx_word' id='word_1_61' title='bbox 584 739 711 769; x_wconf 90' lang='lat' dir='ltr'>totum</span> <span class='ocrx_word' id='word_1_62' title='bbox 748 730 917 769; x_wconf 82' lang='lat' dir='ltr'>valorem</span> <span class='ocrx_word' id='word_1_63' title='bbox 953 730 1065 781; x_wconf 82' lang='lat' dir='ltr'>ipsius</span> <span class='ocrx_word' id='word_1_64' title='bbox 1100 728 1150 778; x_wconf 84' lang='lat' dir='ltr'>U,</span> <span class='ocrx_word' id='word_1_65' title='bbox 1183 740 1357 782; x_wconf 83' lang='lat' dir='ltr'>quatenus</span> <span class='ocrx_word' id='word_1_66' title='bbox 1389 729 1419 769; x_wconf 87' lang='lat' dir='ltr'>is</span> <span class='ocrx_word' id='word_1_67' title='bbox 1453 742 1473 770; x_wconf 88' lang='lat' dir='ltr'>a</span> <span class='ocrx_word' id='word_1_68' title='bbox 1506 731 1675 771; x_wconf 89' lang='lat' dir='ltr'>termino</span> <span class='ocrx_word' id='word_1_69' title='bbox 1714 741 1843 770; x_wconf 71' lang='lat' dir='ltr'>xzo</span> 
     </span>
     <span class='ocr_line' id='line_1_10' title="bbox 583 791 1845 846; baseline 0.002 -15"><span class='ocrx_word' id='word_1_70' title='bbox 583 804 700 844; x_wconf 78' lang='lat' dir='ltr'>vsque</span> <span class='ocrx_word' id='word_1_71' title='bbox 733 791 779 831; x_wconf 86' lang='lat' dir='ltr'>ad</span> <span class='ocrx_word' id='word_1_72' title='bbox 814 792 1019 831; x_wconf 88' lang='lat' dir='ltr'>terminum</span> <span class='ocrx_word' id='word_1_73' title='bbox 1071 804 1199 832; x_wconf 66' lang='lat' dir='ltr'>xrs-a</span> <span class='ocrx_word' id='word_1_74' title='bbox 1247 791 1490 843; x_wconf 77' lang='lat' dir='ltr'>extenditur,</span> <span class='ocrx_word' id='word_1_75' title='bbox 1540 793 1750 846; x_wconf 78' lang='lat' dir='ltr'>redundat,</span> <span class='ocrx_word' id='word_1_76' title='bbox 1803 794 1845 834; x_wconf 89' lang='lat' dir='ltr'>in</span> 
     </span>
     <span class='ocr_line' id='line_1_11' title="bbox 579 855 898 896; baseline 0 -2"><span class='ocrx_word' id='word_1_77' title='bbox 579 855 741 895; x_wconf 87' lang='lat' dir='ltr'>nihilum</span> <span class='ocrx_word' id='word_1_78' title='bbox 776 855 898 896; x_wconf 80' lang='lat' dir='ltr'>abeat.</span> 
     </span>
    </p>
   </div>
   <div class='ocr_carea' id='block_1_3' title="bbox 561 926 1842 2026">
    <p class='ocr_par' dir='ltr' id='par_1_3' title="bbox 726 926 1842 981">
     <span class='ocr_line' id='line_1_12' title="bbox 726 926 1842 981; baseline 0.003 -16"><span class='ocrx_word' id='word_1_79' title='bbox 726 931 800 975; x_wconf 80' lang='lat'>65.</span> <span class='ocrx_word' id='word_1_80' title='bbox 837 927 901 967; x_wconf 80' lang='lat' dir='ltr'>Ex</span> <span class='ocrx_word' id='word_1_81' title='bbox 932 927 975 968; x_wconf 83' lang='lat' dir='ltr'>iis</span> <span class='ocrx_word' id='word_1_82' title='bbox 1006 936 1154 979; x_wconf 84' lang='lat' dir='ltr'>autem,</span> <span class='ocrx_word' id='word_1_83' title='bbox 1186 939 1278 981; x_wconf 82' lang='lat' dir='ltr'>quae</span> <span class='ocrx_word' id='word_1_84' title='bbox 1310 927 1412 979; x_wconf 88' lang='lat' dir='ltr'>supra</span> <span class='ocrx_word' id='word_1_85' title='bbox 1446 926 1527 967; x_wconf 87' lang='lat' dir='ltr'>sunt</span> <span class='ocrx_word' id='word_1_86' title='bbox 1562 926 1694 967; x_wconf 83' lang='lat' dir='ltr'>tradita</span> <span class='ocrx_word' id='word_1_87' title='bbox 1713 956 1724 977; x_wconf 82' lang='lat'>‚</span> <span class='ocrx_word' id='word_1_88' title='bbox 1759 939 1842 968; x_wconf 84' lang='lat' dir='ltr'>ma-</span> 
     </span>
    </p>

    <p class='ocr_par' dir='ltr' id='par_1_4' title="bbox 561 989 1840 2026">
     <span class='ocr_line' id='line_1_13' title="bbox 579 989 1840 1046; baseline 0.004 -19"><span class='ocrx_word' id='word_1_89' title='bbox 579 989 752 1031; x_wconf 88' lang='lat' dir='ltr'>nifestum</span> <span class='ocrx_word' id='word_1_90' title='bbox 788 991 838 1031; x_wconf 84' lang='lat' dir='ltr'>est</span> <span class='ocrx_word' id='word_1_91' title='bbox 861 1023 871 1040; x_wconf 89' lang='lat'>,</span> <span class='ocrx_word' id='word_1_92' title='bbox 907 992 1154 1032; x_wconf 79' lang='lat' dir='ltr'>variationem</span> <span class='ocrx_word' id='word_1_93' title='bbox 1190 991 1300 1046; x_wconf 83' lang='lat' dir='ltr'>ipsius</span> <span class='ocrx_word' id='word_1_94' title='bbox 1333 989 1371 1030; x_wconf 92' lang='lat' dir='ltr'><strong>U</strong></span> <span class='ocrx_word' id='word_1_95' title='bbox 1404 989 1555 1044; x_wconf 88' lang='lat' dir='ltr'>semper</span> <span class='ocrx_word' id='word_1_96' title='bbox 1587 990 1666 1032; x_wconf 89' lang='lat' dir='ltr'>hoc</span> <span class='ocrx_word' id='word_1_97' title='bbox 1718 990 1840 1032; x_wconf 88' lang='lat' dir='ltr'>modo</span> 
     </span>
     <span class='ocr_line' id='line_1_14' title="bbox 575 1054 964 1104; baseline 0.005 -13"><span class='ocrx_word' id='word_1_98' title='bbox 575 1054 776 1104; x_wconf 86' lang='lat' dir='ltr'>exprimi,</span> <span class='ocrx_word' id='word_1_99' title='bbox 818 1063 860 1093; x_wconf 87' lang='lat' dir='ltr'>vt</span> <span class='ocrx_word' id='word_1_100' title='bbox 893 1055 964 1097; x_wconf 24' lang='lat' dir='ltr'>sitf:</span> 
     </span>
     <span class='ocr_line' id='line_1_15' title="bbox 573 1115 1838 1188; baseline 0.003 -17"><span class='ocrx_word' id='word_1_101' title='bbox 573 1128 599 1171; x_wconf 70' lang='grc' dir='ltr'><em>ὃ</em></span> <span class='ocrx_word' id='word_1_102' title='bbox 623 1131 659 1171; x_wconf 85' lang='lat' dir='ltr'>U</span> <span class='ocrx_word' id='word_1_103' title='bbox 681 1130 1216 1188; x_wconf 67' lang='lat' dir='ltr'>:s(A)dx5y—i—(B)5y</span> <span class='ocrx_word' id='word_1_104' title='bbox 1236 1115 1733 1187; x_wconf 56' lang='lat' dir='ltr'>÷(C)‘³d—22÷(D&gt;45¹{2y</span> <span class='ocrx_word' id='word_1_105' title='bbox 1763 1141 1838 1175; x_wconf 88' lang='lat' dir='ltr'>etc.</span> 
     </span>
     <span class='ocr_line' id='line_1_16' title="bbox 570 1203 1838 1260; baseline 0.002 -17"><span class='ocrx_word' id='word_1_106' title='bbox 570 1205 671 1244; x_wconf 85' lang='lat' dir='ltr'>cuius</span> <span class='ocrx_word' id='word_1_107' title='bbox 703 1206 848 1245; x_wconf 84' lang='lat' dir='ltr'>formae</span> <span class='ocrx_word' id='word_1_108' title='bbox 882 1206 1038 1257; x_wconf 82' lang='lat' dir='ltr'>singulas</span> <span class='ocrx_word' id='word_1_109' title='bbox 1075 1215 1200 1260; x_wconf 86' lang='lat' dir='ltr'>partes</span> <span class='ocrx_word' id='word_1_110' title='bbox 1230 1206 1381 1245; x_wconf 83' lang='lat' dir='ltr'>seorsim</span> <span class='ocrx_word' id='word_1_111' title='bbox 1425 1203 1643 1244; x_wconf 69' lang='lat' dir='ltr'>considerari</span> <span class='ocrx_word' id='word_1_112' title='bbox 1694 1216 1838 1245; x_wconf 84' lang='lat' dir='ltr'>conue-</span> 
     </span>
     <span class='ocr_line' id='line_1_17' title="bbox 570 1266 1835 1322; baseline 0.004 -17"><span class='ocrx_word' id='word_1_113' title='bbox 570 1268 638 1306; x_wconf 90' lang='lat' dir='ltr'>nit.</span> <span class='ocrx_word' id='word_1_114' title='bbox 723 1269 781 1307; x_wconf 91' lang='lat' dir='ltr'>At</span> <span class='ocrx_word' id='word_1_115' title='bbox 821 1279 968 1320; x_wconf 86' lang='lat' dir='ltr'>praeter</span> <span class='ocrx_word' id='word_1_116' title='bbox 1002 1269 1174 1319; x_wconf 88' lang='lat' dir='ltr'>primum</span> <span class='ocrx_word' id='word_1_117' title='bbox 1207 1268 1426 1308; x_wconf 86' lang='lat' dir='ltr'>membrum</span> <span class='ocrx_word' id='word_1_118' title='bbox 1459 1266 1636 1319; x_wconf 82' lang='lat' dir='ltr'>integrale</span> <span class='ocrx_word' id='word_1_119' title='bbox 1670 1268 1835 1322; x_wconf 83' lang='lat' dir='ltr'>reliquae</span> 
     </span>
     <span class='ocr_line' id='line_1_18' title="bbox 571 1322 1833 1392; baseline 0.003 -14"><span class='ocrx_word' id='word_1_120' title='bbox 571 1351 698 1392; x_wconf 80' lang='lat' dir='ltr'>partes</span> <span class='ocrx_word' id='word_1_121' title='bbox 731 1337 888 1392; x_wconf 51' lang='lat' dir='ltr'>(affy,</span> <span class='ocrx_word' id='word_1_122' title='bbox 920 1322 1078 1392; x_wconf 52' lang='grc' dir='ltr'>(09ξὲ</span> <span class='ocrx_word' id='word_1_123' title='bbox 1107 1350 1180 1380; x_wconf 85' lang='lat' dir='ltr'>etc.</span> <span class='ocrx_word' id='word_1_124' title='bbox 1218 1349 1368 1381; x_wconf 80' lang='lat' dir='ltr'>tantum</span> <span class='ocrx_word' id='word_1_125' title='bbox 1404 1353 1423 1379; x_wconf 82' lang='lat' dir='ltr'>a</span> <span class='ocrx_word' id='word_1_126' title='bbox 1455 1340 1661 1380; x_wconf 82' lang='lat' dir='ltr'>variatione</span> <span class='ocrx_word' id='word_1_127' title='bbox 1704 1342 1833 1382; x_wconf 89' lang='lat' dir='ltr'>vltimi</span> 
     </span>
     <span class='ocr_line' id='line_1_19' title="bbox 572 1403 1833 1458; baseline 0.002 -17"><span class='ocrx_word' id='word_1_128' title='bbox 572 1403 709 1441; x_wconf 83' lang='lat' dir='ltr'>valoris</span> <span class='ocrx_word' id='word_1_129' title='bbox 727 1416 775 1454; x_wconf 84' lang='lat' dir='ltr'>y,</span> <span class='ocrx_word' id='word_1_130' title='bbox 795 1407 857 1458; x_wconf 90' lang='lat' dir='ltr'>qui</span> <span class='ocrx_word' id='word_1_131' title='bbox 876 1405 995 1444; x_wconf 69' lang='lat' dir='ltr'>valor-i</span> <span class='ocrx_word' id='word_1_132' title='bbox 1020 1416 1120 1444; x_wconf 76' lang='lat' dir='ltr'>xza</span> <span class='ocrx_word' id='word_1_133' title='bbox 1139 1404 1330 1455; x_wconf 79' lang='lat' dir='ltr'>conuenit,</span> <span class='ocrx_word' id='word_1_134' title='bbox 1350 1405 1532 1455; x_wconf 75' lang='lat' dir='ltr'>pendent,</span> <span class='ocrx_word' id='word_1_135' title='bbox 1558 1413 1678 1454; x_wconf 89' lang='lat' dir='ltr'>neque</span> <span class='ocrx_word' id='word_1_136' title='bbox 1712 1408 1833 1446; x_wconf 84' lang='lat' dir='ltr'>ratio-</span> 
     </span>
     <span class='ocr_line' id='line_1_20' title="bbox 571 1466 1831 1520; baseline 0.002 -15"><span class='ocrx_word' id='word_1_137' title='bbox 571 1477 659 1505; x_wconf 89' lang='lat' dir='ltr'>nem</span> <span class='ocrx_word' id='word_1_138' title='bbox 686 1466 902 1507; x_wconf 78' lang='lat' dir='ltr'>variationis</span> <span class='ocrx_word' id='word_1_139' title='bbox 935 1467 1238 1520; x_wconf 86' lang='lat' dir='ltr'>praecedentium</span> <span class='ocrx_word' id='word_1_140' title='bbox 1274 1467 1473 1520; x_wconf 81' lang='lat' dir='ltr'>implicant</span> <span class='ocrx_word' id='word_1_141' title='bbox 1498 1479 1508 1518; x_wconf 78' lang='lat'>3</span> <span class='ocrx_word' id='word_1_142' title='bbox 1536 1474 1577 1503; x_wconf 90' lang='lat' dir='ltr'>vt</span> <span class='ocrx_word' id='word_1_143' title='bbox 1612 1467 1715 1505; x_wconf 88' lang='lat' dir='ltr'>enim</span> <span class='ocrx_word' id='word_1_144' title='bbox 1750 1476 1831 1508; x_wconf 84' lang='lat' dir='ltr'>tota</span> 
     </span>
     <span class='ocr_line' id='line_1_21' title="bbox 569 1528 1829 1589; baseline 0.002 -22"><span class='ocrx_word' id='word_1_145' title='bbox 569 1530 728 1568; x_wconf 76' lang='lat' dir='ltr'>variatio</span> <span class='ocrx_word' id='word_1_146' title='bbox 760 1530 870 1582; x_wconf 83' lang='lat' dir='ltr'>ipsius</span> <span class='ocrx_word' id='word_1_147' title='bbox 902 1531 941 1571; x_wconf 92' lang='lat' dir='ltr'>U</span> <span class='ocrx_word' id='word_1_148' title='bbox 969 1531 1196 1584; x_wconf 81' lang='lat' dir='ltr'>obtineatur,</span> <span class='ocrx_word' id='word_1_149' title='bbox 1220 1531 1259 1570; x_wconf 93' lang='lat' dir='ltr'>in</span> <span class='ocrx_word' id='word_1_150' title='bbox 1294 1530 1532 1589; x_wconf 57' lang='lat' dir='ltr'>expressione</span> <span class='ocrx_word' id='word_1_151' title='bbox 1564 1528 1715 1569; x_wconf 86' lang='lat' dir='ltr'>inuenta</span> <span class='ocrx_word' id='word_1_152' title='bbox 1747 1530 1829 1570; x_wconf 88' lang='lat' dir='ltr'>vbi-</span> 
     </span>
     <span class='ocr_line' id='line_1_22' title="bbox 567 1592 1832 1647; baseline 0.002 -17"><span class='ocrx_word' id='word_1_153' title='bbox 567 1604 636 1643; x_wconf 90' lang='lat' dir='ltr'>que</span> <span class='ocrx_word' id='word_1_154' title='bbox 670 1592 775 1632; x_wconf 83' lang='lat' dir='ltr'>statui</span> <span class='ocrx_word' id='word_1_155' title='bbox 808 1594 918 1634; x_wconf 92' lang='lat' dir='ltr'>debet</span> <span class='ocrx_word' id='word_1_156' title='bbox 952 1607 1108 1645; x_wconf 62' lang='grc' dir='ltr'>,τί-ἴα,</span> <span class='ocrx_word' id='word_1_157' title='bbox 1142 1594 1244 1647; x_wconf 90' lang='lat' dir='ltr'>quod</span> <span class='ocrx_word' id='word_1_158' title='bbox 1278 1596 1314 1634; x_wconf 88' lang='lat' dir='ltr'>in</span> <span class='ocrx_word' id='word_1_159' title='bbox 1347 1594 1492 1647; x_wconf 83' lang='lat' dir='ltr'>fingulis</span> <span class='ocrx_word' id='word_1_160' title='bbox 1526 1592 1689 1643; x_wconf 82' lang='lat' dir='ltr'>partibus</span> <span class='ocrx_word' id='word_1_161' title='bbox 1722 1605 1832 1645; x_wconf 74' lang='lat' dir='ltr'>prae-</span> 
     </span>
     <span class='ocr_line' id='line_1_23' title="bbox 568 1651 1827 1711; baseline 0.002 -18"><span class='ocrx_word' id='word_1_162' title='bbox 568 1664 623 1693; x_wconf 92' lang='lat' dir='ltr'>ter</span> <span class='ocrx_word' id='word_1_163' title='bbox 654 1656 822 1707; x_wconf 78' lang='lat' dir='ltr'>primam</span> <span class='ocrx_word' id='word_1_164' title='bbox 858 1658 943 1698; x_wconf 66' lang='lat' dir='ltr'>netu</span> <span class='ocrx_word' id='word_1_165' title='bbox 975 1658 1053 1699; x_wconf 81' lang='lat' dir='ltr'>fieri</span> <span class='ocrx_word' id='word_1_166' title='bbox 1087 1659 1207 1711; x_wconf 85' lang='lat' dir='ltr'>potest</span> <span class='ocrx_word' id='word_1_167' title='bbox 1228 1690 1239 1709; x_wconf 83' lang='lat'>,</span> <span class='ocrx_word' id='word_1_168' title='bbox 1274 1657 1393 1710; x_wconf 84' lang='lat' dir='ltr'>sicque</span> <span class='ocrx_word' id='word_1_169' title='bbox 1425 1658 1463 1696; x_wconf 90' lang='lat' dir='ltr'>in</span> <span class='ocrx_word' id='word_1_170' title='bbox 1497 1657 1538 1695; x_wconf 87' lang='lat' dir='ltr'>iis</span> <span class='ocrx_word' id='word_1_171' title='bbox 1571 1651 1639 1705; x_wconf 60' lang='lat' dir='ltr'>dy</span> <span class='ocrx_word' id='word_1_172' title='bbox 1671 1655 1827 1696; x_wconf 82' lang='lat' dir='ltr'>denota-</span> 
     </span>
     <span class='ocr_line' id='line_1_24' title="bbox 565 1717 1829 1774; baseline 0.004 -18"><span class='ocrx_word' id='word_1_173' title='bbox 565 1717 621 1757; x_wconf 91' lang='lat' dir='ltr'>bit</span> <span class='ocrx_word' id='word_1_174' title='bbox 656 1719 906 1760; x_wconf 73' lang='lat' dir='ltr'>variationem</span> <span class='ocrx_word' id='word_1_175' title='bbox 931 1753 942 1773; x_wconf 85' lang='lat'>,</span> <span class='ocrx_word' id='word_1_176' title='bbox 994 1733 1089 1774; x_wconf 82' lang='lat' dir='ltr'>quae</span> <span class='ocrx_word' id='word_1_177' title='bbox 1123 1720 1193 1760; x_wconf 86' lang='lat' dir='ltr'>soli</span> <span class='ocrx_word' id='word_1_178' title='bbox 1228 1721 1370 1761; x_wconf 78' lang='lat' dir='ltr'>vltimo</span> <span class='ocrx_word' id='word_1_179' title='bbox 1405 1719 1524 1760; x_wconf 79' lang='lat' dir='ltr'>valori</span> <span class='ocrx_word' id='word_1_180' title='bbox 1555 1718 1667 1771; x_wconf 85' lang='lat' dir='ltr'>ipsius</span> <span class='ocrx_word' id='word_1_181' title='bbox 1684 1732 1719 1770; x_wconf 85' lang='lat' dir='ltr'><em>y</em></span> <span class='ocrx_word' id='word_1_182' title='bbox 1760 1721 1829 1761; x_wconf 90' lang='lat' dir='ltr'>tri-</span> 
     </span>
     <span class='ocr_line' id='line_1_25' title="bbox 565 1780 1826 1837; baseline 0.002 -17"><span class='ocrx_word' id='word_1_183' title='bbox 565 1780 717 1832; x_wconf 79' lang='lat' dir='ltr'>buitur,</span> <span class='ocrx_word' id='word_1_184' title='bbox 754 1793 793 1823; x_wconf 90' lang='lat' dir='ltr'>et</span> <span class='ocrx_word' id='word_1_185' title='bbox 826 1796 921 1837; x_wconf 79' lang='lat' dir='ltr'>quae</span> <span class='ocrx_word' id='word_1_186' title='bbox 956 1785 1117 1824; x_wconf 88' lang='lat' dir='ltr'>omnino</span> <span class='ocrx_word' id='word_1_187' title='bbox 1153 1784 1203 1824; x_wconf 87' lang='lat' dir='ltr'>est</span> <span class='ocrx_word' id='word_1_188' title='bbox 1236 1784 1425 1823; x_wconf 82' lang='lat' dir='ltr'>arbitraria</span> <span class='ocrx_word' id='word_1_189' title='bbox 1448 1815 1458 1834; x_wconf 87' lang='lat'>‚</span> <span class='ocrx_word' id='word_1_190' title='bbox 1509 1793 1633 1835; x_wconf 87' lang='lat' dir='ltr'>neque</span> <span class='ocrx_word' id='word_1_191' title='bbox 1666 1794 1684 1822; x_wconf 89' lang='lat' dir='ltr'>a</span> <span class='ocrx_word' id='word_1_192' title='bbox 1718 1795 1826 1836; x_wconf 83' lang='lat' dir='ltr'>prae-</span> 
     </span>
     <span class='ocr_line' id='line_1_26' title="bbox 561 1845 1827 1901; baseline 0.004 -19"><span class='ocrx_word' id='word_1_193' title='bbox 561 1846 778 1887; x_wconf 83' lang='lat' dir='ltr'>cedentibus</span> <span class='ocrx_word' id='word_1_194' title='bbox 825 1847 971 1900; x_wconf 90' lang='lat' dir='ltr'>pendet.</span> <span class='ocrx_word' id='word_1_195' title='bbox 1057 1847 1171 1886; x_wconf 87' lang='lat' dir='ltr'>Vnde</span> <span class='ocrx_word' id='word_1_196' title='bbox 1202 1848 1431 1901; x_wconf 84' lang='lat' dir='ltr'>peripicuum</span> <span class='ocrx_word' id='word_1_197' title='bbox 1466 1845 1550 1896; x_wconf 84' lang='lat' dir='ltr'>est,</span> <span class='ocrx_word' id='word_1_198' title='bbox 1601 1845 1665 1885; x_wconf 87' lang='lat' dir='ltr'>nifi</span> <span class='ocrx_word' id='word_1_199' title='bbox 1699 1858 1827 1887; x_wconf 91' lang='lat' dir='ltr'>mem-</span> 
     </span>
     <span class='ocr_line' id='line_1_27' title="bbox 563 1906 1824 1964; baseline 0.005 -19"><span class='ocrx_word' id='word_1_200' title='bbox 563 1906 671 1946; x_wconf 79' lang='lat' dir='ltr'>brum</span> <span class='ocrx_word' id='word_1_201' title='bbox 705 1910 880 1960; x_wconf 82' lang='lat' dir='ltr'>integrale</span> <span class='ocrx_word' id='word_1_202' title='bbox 910 1909 1050 1951; x_wconf 77' lang='lat' dir='ltr'>adesset</span> <span class='ocrx_word' id='word_1_203' title='bbox 1071 1943 1081 1962; x_wconf 87' lang='lat'>,</span> <span class='ocrx_word' id='word_1_204' title='bbox 1124 1923 1175 1950; x_wconf 81' lang='lat' dir='ltr'>ex</span> <span class='ocrx_word' id='word_1_205' title='bbox 1208 1911 1357 1963; x_wconf 86' lang='lat' dir='ltr'>reliquis</span> <span class='ocrx_word' id='word_1_206' title='bbox 1388 1909 1555 1962; x_wconf 84' lang='lat' dir='ltr'>partibus</span> <span class='ocrx_word' id='word_1_207' title='bbox 1588 1908 1684 1949; x_wconf 90' lang='lat' dir='ltr'>nihil</span> <span class='ocrx_word' id='word_1_208' title='bbox 1717 1909 1824 1964; x_wconf 84' lang='lat' dir='ltr'>plane</span> 
     </span>
     <span class='ocr_line' id='line_1_28' title="bbox 562 1973 1507 2026; baseline 0.002 -17"><span class='ocrx_word' id='word_1_209' title='bbox 562 1982 633 2024; x_wconf 85' lang='lat' dir='ltr'>pro</span> <span class='ocrx_word' id='word_1_210' title='bbox 666 1973 846 2012; x_wconf 73' lang='lat' dir='ltr'>relatione</span> <span class='ocrx_word' id='word_1_211' title='bbox 879 1974 975 2012; x_wconf 89' lang='lat' dir='ltr'>inter</span> <span class='ocrx_word' id='word_1_212' title='bbox 1002 1987 1027 2014; x_wconf 82' lang='lat' dir='ltr'><strong><em>x</em></strong></span> <span class='ocrx_word' id='word_1_213' title='bbox 1060 1984 1097 2014; x_wconf 90' lang='lat' dir='ltr'>et</span> <span class='ocrx_word' id='word_1_214' title='bbox 1127 1988 1149 2023; x_wconf 72' lang='lat' dir='ltr'><em>y</em></span> <span class='ocrx_word' id='word_1_215' title='bbox 1183 1974 1354 2015; x_wconf 90' lang='lat' dir='ltr'>concludi</span> <span class='ocrx_word' id='word_1_216' title='bbox 1388 1973 1507 2026; x_wconf 82' lang='lat' dir='ltr'>poffe.</span> 
     </span>
    </p>
   </div>
   <div class='ocr_carea' id='block_1_4' title="bbox 697 2050 1818 2109">
    <p class='ocr_par' dir='ltr' id='par_1_5' title="bbox 697 2050 1818 2109">
     <span class='ocr_line' id='line_1_29' title="bbox 697 2050 1818 2109; baseline 0.002 -15"><span class='ocrx_word' id='word_1_217' title='bbox 697 2058 768 2094; x_wconf 90' lang='lat'>66.</span> <span class='ocrx_word' id='word_1_218' title='bbox 801 2055 945 2095; x_wconf 88' lang='lat' dir='ltr'>Verum</span> <span class='ocrx_word' id='word_1_219' title='bbox 981 2059 1199 2097; x_wconf 89' lang='lat' dir='ltr'>membrum</span> <span class='ocrx_word' id='word_1_220' title='bbox 1237 2056 1410 2109; x_wconf 80' lang='lat' dir='ltr'>integrale</span> <span class='ocrx_word' id='word_1_221' title='bbox 1433 2050 1683 2108; x_wconf 64' lang='lat' dir='ltr'>J(A)dx&lt;5y</span> <span class='ocrx_word' id='word_1_222' title='bbox 1704 2054 1818 2096; x_wconf 81' lang='lat' dir='ltr'>etiam</span> 
     </span>
    </p>
   </div>
   <div class='ocr_carea' id='block_1_5' title="bbox 555 2118 1854 2221">
    <p class='ocr_par' dir='ltr' id='par_1_6' title="bbox 555 2118 1854 2221">
     <span class='ocr_line' id='line_1_30' title="bbox 555 2118 1854 2176; baseline -0.001 -18"><span class='ocrx_word' id='word_1_223' title='bbox 555 2118 797 2171; x_wconf 70' lang='lat' dir='ltr'>variationes,</span> <span class='ocrx_word' id='word_1_224' title='bbox 831 2132 925 2173; x_wconf 74' lang='lat' dir='ltr'>quae</span> <span class='ocrx_word' id='word_1_225' title='bbox 955 2121 1123 2161; x_wconf 87' lang='lat' dir='ltr'>omnibus</span> <span class='ocrx_word' id='word_1_226' title='bbox 1152 2121 1451 2176; x_wconf 82' lang='lat' dir='ltr'>praecedentibus</span> <span class='ocrx_word' id='word_1_227' title='bbox 1472 2119 1657 2160; x_wconf 83' lang='lat' dir='ltr'>valoribus</span> <span class='ocrx_word' id='word_1_228' title='bbox 1676 2119 1781 2170; x_wconf 87' lang='lat' dir='ltr'>ipfius</span> <span class='ocrx_word' id='word_1_229' title='bbox 1784 2131 1819 2170; x_wconf 87' lang='lat' dir='ltr'><em>y</em></span> <span class='ocrx_word' id='word_1_230' title='bbox 1852 2154 1854 2157; x_wconf 86' lang='lat'>.</span> 
     </span>
     <span class='ocr_line' id='line_1_31' title="bbox 1649 2181 1818 2221; baseline 0.012 -2"><span class='ocrx_word' id='word_1_231' title='bbox 1649 2181 1818 2221; x_wconf 86' lang='lat' dir='ltr'>tribuun-</span> 
     </span>
    </p>
   </div>
  </div>
 </body>
</html>
