1972 2652
564 195 680 248 ·>5013
709 191 724 251 )
757 204 784 234 0
819 191 835 243 (
867 191 984 245 &03⁴⁰
1346 205 1398 243 ις

144 307 401 359 tangentium
442 308 686 360 proprietate
724 308 902 362 ipsarum
941 307 1140 349 linearum
1180 318 1400 348 curuarum

146 379 286 410 natura
319 371 409 412 effet
442 372 720 424 inuestiganda.
784 372 893 414 Cum
928 373 1056 424 igitur
1080 371 1295 413 methodus
1318 371 1401 411 hu-

144 435 320 477 iusmodi
353 436 595 489 quaestiones
628 436 853 479 resoluendi
886 437 1010 477 etiam
1032 437 1123 478 esset
1146 437 1400 486 inuertenda‚

145 497 241 540 hine
283 501 496 541 methodus
545 503 798 553 tangentium
840 502 992 542 inuersa
1035 502 1085 542 est
1127 512 1216 541 nata
1239 533 1250 552 ,
1297 511 1399 554 quae

145 566 337 617 quoniam
385 579 406 605 a
449 565 776 607 differentialibus
824 566 871 608 ad
917 566 1017 619 ipsas
1053 568 1294 620 quantitates
1334 575 1399 605 re-

144 629 250 668 verti
283 630 520 683 oportebat,
555 630 651 670 hinc
680 628 857 669 calculus
888 629 1095 678 integralis
1111 640 1212 667 mox
1230 627 1399 678 insignia

140 693 293 746 accepit
326 694 572 733 incrementa
598 722 609 740 ,
639 693 696 730 ita
729 700 776 729 vt
808 689 1049 730 incredibilis
1084 692 1313 743 promotio,
1351 688 1399 730 ad

141 768 263 808 quam
296 755 361 794 hic
395 753 570 792 calculus
600 754 780 805 deinceps
799 754 854 794 est
869 752 1107 807 perdud'cus,
1143 754 1398 808 potissimum

138 817 332 859 methodo
371 817 624 876 tangentium
675 817 828 858 inuersa
878 827 1033 872 accepta
1086 817 1136 858 fit
1180 817 1397 859 referenda.

137 881 324 922 Primum
377 883 540 935 quidem
596 882 638 921 in
691 879 769 923 hoc
810 894 955 935 genere
995 883 1195 923 eiusmodi
1234 890 1397 922 tantum

134 947 379 1000 quaestiones
411 946 503 986 sunt
534 945 719 986 tractatae
740 978 752 998 ‚
792 946 834 988 in
874 949 1017 1001 quibus
1055 948 1232 988 conditio
1272 957 1398 1000 quae-

136 1012 230 1051 dam
265 1012 520 1062 tangentium
552 1012 595 1051 in
629 1010 796 1063 fingulis
828 1024 977 1055 Curuae
1007 1013 1253 1066 quaerendae
1287 1021 1396 1065 pun-

137 1073 209 1114 etis
244 1076 540 1127 proponebatur
561 1106 574 1125 ,
606 1076 661 1116 ita
694 1085 741 1117 vt
776 1076 818 1115 in
851 1078 899 1118 iis
918 1076 1117 1119 soluendis
1150 1077 1197 1117 ad
1225 1076 1397 1116 vnicum

136 1146 284 1173 curuae
315 1137 518 1184 punctum
541 1164 553 1182 ,
584 1138 692 1184 quod
721 1145 862 1175 autem
895 1140 1102 1176 indefinite
1134 1141 1323 1180 sumtum
1349 1135 1399 1178 ad

134 1197 273 1237 omnia
305 1193 422 1247 plane
455 1194 605 1247 punita
638 1196 839 1235 transferri
878 1207 998 1248 queat
1018 1226 1032 1246 ‚
1070 1199 1277 1250 respexisse
1317 1201 1399 1237 sut-

133 1259 253 1300 ficiat.
336 1257 576 1298 Cuiusmodi
628 1258 805 1310 quaestio
846 1269 960 1311 erat,
1013 1270 1096 1312 quo
1134 1261 1399 1314 quaerebatur

131 1336 257 1364 curua
278 1354 288 1374 ‚
328 1323 442 1363 cuius
486 1331 651 1373 tangens
682 1325 730 1365 ad
764 1323 952 1366 resectam
973 1354 985 1373 ‚
1024 1323 1090 1364 seu
1130 1325 1398 1367 differentiam

132 1391 237 1429 inter
271 1385 462 1428 abscissam
490 1396 531 1426 et
565 1386 863 1440 subtangentem
885 1420 896 1440 ,
935 1389 1083 1441 vbique
1113 1389 1247 1430 datam
1282 1398 1396 1429 tene-

131 1462 195 1493 ret
227 1453 456 1496 rationem:
491 1460 631 1493 vocata
665 1454 776 1494 enim
812 1466 888 1506 pro
916 1465 1062 1495 curuae
1097 1454 1250 1508 punc‘to
1288 1466 1395 1507 quo-

130 1529 289 1570 -cunque
325 1514 473 1556 abscissa
508 1528 623 1567 εχ,
656 1526 697 1557 et
729 1517 924 1571 applicata
956 1530 1065 1570 zy,
1098 1518 1193 1572 quia
1228 1528 1393 1573 tangens

134 1591 187 1632 est
221 1572 570 1647 :Q-Z-{ssffl
601 1594 642 1628 et
675 1589 908 1642 subtangens
941 1574 1109 1647 :³3³²
1155 1587 1227 1630 hac
1269 1598 1396 1642 quae-·

133 1664 256 1704 stione
297 1662 564 1717 postulabatur
586 1693 597 1712 ‚
639 1671 686 1703 vt
720 1663 812 1705 effet
847 1647 1114 1692 fflssdyq
1146 1663 1192 1702 ad
1225 1675 1255 1702 a:
1273 1642 1400 1718 -ygdf

964 1694 979 1715 d

132 1729 175 1767 in
207 1728 294 1767 data
330 1727 510 1766 ratione:
561 1739 662 1779 quae
695 1729 799 1768 ratio
832 1727 862 1767 fi
898 1698 1072 1779 Ροηὲῖιιι·
1105 1738 1158 1765 Ξ
1180 1736 1306 1775 mzn,
1345 1723 1403 1764 ad.

133 1789 235 1829 hanc
268 1790 543 1840 aequationem
580 1790 847 1839 peruenitur:

272 1872 308 1898 m
329 1855 613 1908 (xdy-ydx)
634 1868 686 1895 :z
704 1852 804 1908 nyV
825 1848 1108 1911 (τίχ’-μὴ’)

134 1939 233 1981 quae
268 1926 461 1977 integrata
503 1934 689 1965 naturam
735 1937 880 1966 curuae
931 1925 1128 1979 quaesitae
1168 1921 1394 1968 declarabit,

135 1989 291 2032 Deinde
325 2002 422 2030 vero
453 1991 576 2031 etiam
609 1991 806 2031 eiusmodi
829 1990 1074 2043 quaestiones
1093 1990 1182 2031 sunt
1201 1993 1394 2043 agitatae,

132 2055 276 2109 quibus
310 2054 560 2106 tangentium
597 2055 775 2095 conditio
810 2053 1045 2108 praescripta
1078 2054 1199 2095 simul
1232 2057 1280 2097 ad
1302 2055 1392 2097 bina

132 2131 278 2160 curuae
311 2119 458 2173 punita
492 2118 738 2174 pertineret,
772 2119 1001 2161 cuiusmodi
1034 2119 1161 2162 fuerat
1183 2119 1392 2175 problema

1308 2191 1393 2224 tra-
