<?xml version="1.0" encoding="UTF-8"?>
<!DOCTYPE html PUBLIC "-//W3C//DTD XHTML 1.0 Transitional//EN"
    "http://www.w3.org/TR/xhtml1/DTD/xhtml1-transitional.dtd">
<html xmlns="http://www.w3.org/1999/xhtml" xml:lang="en" lang="en">
 <head>
  <title>
</title>
<meta http-equiv="Content-Type" content="text/html;charset=utf-8" />
  <meta name='ocr-system' content='tesseract 3.04.00' />
  <meta name='ocr-capabilities' content='ocr_page ocr_carea ocr_par ocr_line ocrx_word'/>
</head>
<body>
  <div class='ocr_page' id='page_1' title='image "./novicommentariac10impe_0198.png"; bbox 0 0 1972 2652; ppageno 0'>
   <div class='ocr_carea' id='block_1_1' title="bbox 528 179 1429 233">
    <p class='ocr_par' dir='ltr' id='par_1_1' title="bbox 528 179 1429 233">
     <span class='ocr_line' id='line_1_1' title="bbox 528 179 1429 233; baseline -0.003 -5"><span class='ocrx_word' id='word_1_1' title='bbox 528 193 614 233; x_wconf 80' lang='lat'>118</span> <span class='ocrx_word' id='word_1_2' title='bbox 863 183 963 226; x_wconf 84' lang='lat' dir='ltr'>DE</span> <span class='ocrx_word' id='word_1_3' title='bbox 1024 179 1429 226; x_wconf 85' lang='lat' dir='ltr'>METHODO</span> 
     </span>
    </p>
   </div>
   <div class='ocr_carea' id='block_1_2' title="bbox 527 289 1789 417">
    <p class='ocr_par' dir='ltr' id='par_1_2' title="bbox 527 289 1789 417">
     <span class='ocr_line' id='line_1_2' title="bbox 527 289 1786 351; baseline -0.004 -11"><span class='ocrx_word' id='word_1_4' title='bbox 527 306 767 340; x_wconf 76' lang='lat' dir='ltr'>crementum</span> <span class='ocrx_word' id='word_1_5' title='bbox 800 296 967 338; x_wconf 77' lang='lat' dir='ltr'>extremi</span> <span class='ocrx_word' id='word_1_6' title='bbox 1001 295 1140 338; x_wconf 76' lang='lat' dir='ltr'>valoris</span> <span class='ocrx_word' id='word_1_7' title='bbox 1171 295 1279 351; x_wconf 81' lang='lat' dir='ltr'>ipfius</span> <span class='ocrx_word' id='word_1_8' title='bbox 1297 308 1358 351; x_wconf 70' lang='lat' dir='ltr'>y3</span> <span class='ocrx_word' id='word_1_9' title='bbox 1376 302 1416 336; x_wconf 81' lang='lat' dir='ltr'>at</span> <span class='ocrx_word' id='word_1_10' title='bbox 1432 289 1544 347; x_wconf 53' lang='lat' dir='ltr'>dey,</span> <span class='ocrx_word' id='word_1_11' title='bbox 1562 291 1692 348; x_wconf 59' lang='lat' dir='ltr'>dewy</span> <span class='ocrx_word' id='word_1_12' title='bbox 1710 304 1786 336; x_wconf 76' lang='lat' dir='ltr'>etc.</span> 
     </span>
     <span class='ocr_line' id='line_1_3' title="bbox 530 358 1789 417; baseline -0.006 -12"><span class='ocrx_word' id='word_1_13' title='bbox 530 363 749 417; x_wconf 81' lang='lat' dir='ltr'>pendebunt</span> <span class='ocrx_word' id='word_1_14' title='bbox 780 359 924 415; x_wconf 80' lang='lat' dir='ltr'>insuper</span> <span class='ocrx_word' id='word_1_15' title='bbox 952 360 1000 402; x_wconf 79' lang='lat' dir='ltr'>ab</span> <span class='ocrx_word' id='word_1_16' title='bbox 1032 360 1273 401; x_wconf 76' lang='lat' dir='ltr'>incrementis</span> <span class='ocrx_word' id='word_1_17' title='bbox 1304 358 1482 400; x_wconf 72' lang='lat' dir='ltr'>valorum</span> <span class='ocrx_word' id='word_1_18' title='bbox 1515 359 1789 413; x_wconf 83' lang='lat' dir='ltr'>contiguorum.</span> 
     </span>
    </p>
   </div>
   <div class='ocr_carea' id='block_1_3' title="bbox 960 466 1363 529">
    <p class='ocr_par' dir='ltr' id='par_1_3' title="bbox 960 466 1363 529">
     <span class='ocr_line' id='line_1_4' title="bbox 960 466 1363 529; baseline 0 -5"><span class='ocrx_word' id='word_1_19' title='bbox 960 466 1231 526; x_wconf 88' lang='lat' dir='ltr'>Coroll.</span> <span class='ocrx_word' id='word_1_20' title='bbox 1320 488 1363 529; x_wconf 90' lang='lat' dir='ltr'>I.</span> 
     </span>
    </p>
   </div>
   <div class='ocr_carea' id='block_1_4' title="bbox 537 556 1802 806">
    <p class='ocr_par' dir='ltr' id='par_1_4' title="bbox 537 556 1802 806">
     <span class='ocr_line' id='line_1_5' title="bbox 682 556 1796 618; baseline -0.003 -15"><span class='ocrx_word' id='word_1_21' title='bbox 682 558 727 603; x_wconf 89' lang='lat' dir='ltr'>Si</span> <span class='ocrx_word' id='word_1_22' title='bbox 776 574 868 617; x_wconf 85' lang='lat' dir='ltr'>ergo</span> <span class='ocrx_word' id='word_1_23' title='bbox 918 561 1082 603; x_wconf 75' lang='lat' dir='ltr'>formula</span> <span class='ocrx_word' id='word_1_24' title='bbox 1132 562 1320 618; x_wconf 81' lang='lat' dir='ltr'>integralis</span> <span class='ocrx_word' id='word_1_25' title='bbox 1356 556 1508 614; x_wconf 79' lang='lat' dir='ltr'>sde</span> <span class='ocrx_word' id='word_1_26' title='bbox 1558 559 1693 601; x_wconf 86' lang='lat' dir='ltr'>debeat</span> <span class='ocrx_word' id='word_1_27' title='bbox 1723 557 1796 600; x_wconf 81' lang='lat' dir='ltr'>effe</span> 
     </span>
     <span class='ocr_line' id='line_1_6' title="bbox 537 622 1796 681; baseline -0.004 -14"><span class='ocrx_word' id='word_1_28' title='bbox 537 624 756 667; x_wconf 79' lang='lat' dir='ltr'>maximum</span> <span class='ocrx_word' id='word_1_29' title='bbox 787 627 850 667; x_wconf 79' lang='lat' dir='ltr'>vel</span> <span class='ocrx_word' id='word_1_30' title='bbox 883 625 1091 667; x_wconf 89' lang='lat' dir='ltr'>minimum</span> <span class='ocrx_word' id='word_1_31' title='bbox 1125 639 1198 681; x_wconf 84' lang='lat' dir='ltr'>pro</span> <span class='ocrx_word' id='word_1_32' title='bbox 1248 625 1416 667; x_wconf 78' lang='lat' dir='ltr'>termino</span> <span class='ocrx_word' id='word_1_33' title='bbox 1460 636 1603 676; x_wconf 71' lang='lat' dir='ltr'>xza,</span> <span class='ocrx_word' id='word_1_34' title='bbox 1653 622 1796 663; x_wconf 76' lang='lat' dir='ltr'>necesse</span> 
     </span>
     <span class='ocr_line' id='line_1_7' title="bbox 538 687 1801 740; baseline -0.002 -11"><span class='ocrx_word' id='word_1_35' title='bbox 538 688 626 739; x_wconf 88' lang='lat' dir='ltr'>est,</span> <span class='ocrx_word' id='word_1_36' title='bbox 681 698 725 728; x_wconf 82' lang='lat' dir='ltr'>vt</span> <span class='ocrx_word' id='word_1_37' title='bbox 776 690 853 729; x_wconf 82' lang='lat' dir='ltr'>eius</span> <span class='ocrx_word' id='word_1_38' title='bbox 904 690 1066 730; x_wconf 74' lang='lat' dir='ltr'>variatio</span> <span class='ocrx_word' id='word_1_39' title='bbox 1116 688 1371 731; x_wconf 73' lang='lat' dir='ltr'>differentialis</span> <span class='ocrx_word' id='word_1_40' title='bbox 1419 687 1610 728; x_wconf 75' lang='lat' dir='ltr'>euanescat</span> <span class='ocrx_word' id='word_1_41' title='bbox 1635 713 1649 737; x_wconf 90' lang='lat'>,</span> <span class='ocrx_word' id='word_1_42' title='bbox 1703 698 1801 740; x_wconf 88' lang='lat' dir='ltr'>quo-</span> 
     </span>
     <span class='ocr_line' id='line_1_8' title="bbox 539 742 1802 806; baseline -0.003 -12"><span class='ocrx_word' id='word_1_43' title='bbox 539 742 808 804; x_wconf 78' lang='lat' dir='ltr'>modocunque</span> <span class='ocrx_word' id='word_1_44' title='bbox 837 752 1062 792; x_wconf 71' lang='lat' dir='ltr'>variationes</span> <span class='ocrx_word' id='word_1_45' title='bbox 1093 750 1123 793; x_wconf 73' lang='grc' dir='ltr'><em>ὃ</em></span> <span class='ocrx_word' id='word_1_46' title='bbox 1128 767 1163 804; x_wconf 85' lang='lat' dir='ltr'><em>y</em></span> <span class='ocrx_word' id='word_1_47' title='bbox 1193 754 1435 806; x_wconf 73' lang='lat' dir='ltr'>accipiamur.</span> <span class='ocrx_word' id='word_1_48' title='bbox 1504 751 1675 800; x_wconf 82' lang='lat' dir='ltr'>Primum</span> <span class='ocrx_word' id='word_1_49' title='bbox 1708 761 1802 803; x_wconf 85' lang='lat' dir='ltr'>ergo</span> 
     </span>
    </p>
   </div>
   <div class='ocr_carea' id='block_1_5' title="bbox 540 813 1802 869">
    <p class='ocr_par' dir='ltr' id='par_1_5' title="bbox 540 813 1802 869">
     <span class='ocr_line' id='line_1_9' title="bbox 540 813 1802 869; baseline -0.004 -13"><span class='ocrx_word' id='word_1_50' title='bbox 540 823 693 869; x_wconf 84' lang='lat' dir='ltr'>oportet</span> <span class='ocrx_word' id='word_1_51' title='bbox 722 814 766 855; x_wconf 87' lang='lat' dir='ltr'>fit</span> <span class='ocrx_word' id='word_1_52' title='bbox 786 842 798 864; x_wconf 87' lang='lat'><strong>,</strong></span> <span class='ocrx_word' id='word_1_53' title='bbox 833 825 905 868; x_wconf 84' lang='lat' dir='ltr'>pro</span> <span class='ocrx_word' id='word_1_54' title='bbox 936 815 1110 856; x_wconf 82' lang='lat' dir='ltr'>omnibns</span> <span class='ocrx_word' id='word_1_55' title='bbox 1140 815 1325 857; x_wconf 80' lang='lat' dir='ltr'>valoribus</span> <span class='ocrx_word' id='word_1_56' title='bbox 1355 813 1586 853; x_wconf 82' lang='lat' dir='ltr'>intermediis</span> <span class='ocrx_word' id='word_1_57' title='bbox 1615 813 1728 866; x_wconf 78' lang='lat' dir='ltr'>ipsius</span> <span class='ocrx_word' id='word_1_58' title='bbox 1756 823 1802 864; x_wconf 74' lang='lat' dir='ltr'>x,</span> 
     </span>
    </p>
   </div>
   <div class='ocr_carea' id='block_1_6' title="bbox 661 878 1613 951">
    <p class='ocr_par' dir='ltr' id='par_1_6' title="bbox 661 878 1613 951">
     <span class='ocr_line' id='line_1_10' title="bbox 661 878 1613 951; baseline -0.001 -13"><span class='ocrx_word' id='word_1_59' title='bbox 661 878 1613 951; x_wconf 53' lang='lat' dir='ltr'>N—3{÷40ss-2‘2-‘‡⁸x¹}÷‘jssss-etc.:0</span> 
     </span>
    </p>
   </div>
   <div class='ocr_carea' id='block_1_7' title="bbox 545 966 1802 1074">
    <p class='ocr_par' dir='ltr' id='par_1_7' title="bbox 545 966 1802 1074">
     <span class='ocr_line' id='line_1_11' title="bbox 546 966 1802 1028; baseline -0.001 -18"><span class='ocrx_word' id='word_1_60' title='bbox 546 981 620 1023; x_wconf 73' lang='lat' dir='ltr'>qua</span> <span class='ocrx_word' id='word_1_61' title='bbox 669 968 890 1023; x_wconf 76' lang='lat' dir='ltr'>aequatione</span> <span class='ocrx_word' id='word_1_62' title='bbox 938 967 1071 1009; x_wconf 77' lang='lat' dir='ltr'>relatio</span> <span class='ocrx_word' id='word_1_63' title='bbox 1120 971 1288 1028; x_wconf 78' lang='lat' dir='ltr'>requisita</span> <span class='ocrx_word' id='word_1_64' title='bbox 1339 972 1440 1013; x_wconf 86' lang='lat' dir='ltr'>inter</span> <span class='ocrx_word' id='word_1_65' title='bbox 1479 983 1506 1013; x_wconf 79' lang='lat' dir='ltr'><strong><em>x</em></strong></span> <span class='ocrx_word' id='word_1_66' title='bbox 1538 978 1577 1011; x_wconf 84' lang='lat' dir='ltr'>et</span> <span class='ocrx_word' id='word_1_67' title='bbox 1609 980 1644 1020; x_wconf 77' lang='lat' dir='ltr'><em>y</em></span> <span class='ocrx_word' id='word_1_68' title='bbox 1680 966 1802 1010; x_wconf 85' lang='lat' dir='ltr'>conti-</span> 
     </span>
     <span class='ocr_line' id='line_1_12' title="bbox 545 1040 672 1074; baseline 0.016 -2"><span class='ocrx_word' id='word_1_69' title='bbox 545 1040 672 1074; x_wconf 83' lang='lat' dir='ltr'>netur.</span> 
     </span>
    </p>
   </div>
   <div class='ocr_carea' id='block_1_8' title="bbox 1100 914 1177 920">
    <p class='ocr_par' dir='ltr' id='par_1_8' title="bbox 1100 914 1177 920">
     <span class='ocr_line' id='line_1_13' title="bbox 1100 914 1177 920; baseline 0 0"><span class='ocrx_word' id='word_1_70' title='bbox 1100 914 1177 920; x_wconf 95' lang='lat' dir='ltr'> </span> 
     </span>
    </p>
   </div>
   <div class='ocr_carea' id='block_1_9' title="bbox 975 1139 1374 1200">
    <p class='ocr_par' dir='ltr' id='par_1_9' title="bbox 975 1139 1374 1200">
     <span class='ocr_line' id='line_1_14' title="bbox 975 1139 1374 1200; baseline 0.005 -3"><span class='ocrx_word' id='word_1_71' title='bbox 975 1139 1238 1200; x_wconf 88' lang='lat' dir='ltr'>Coroll.</span> <span class='ocrx_word' id='word_1_72' title='bbox 1326 1157 1374 1199; x_wconf 81' lang='lat'>2.</span> 
     </span>
    </p>
   </div>
   <div class='ocr_carea' id='block_1_10' title="bbox 551 1256 1824 1628">
    <p class='ocr_par' dir='ltr' id='par_1_10' title="bbox 551 1256 1824 1628">
     <span class='ocr_line' id='line_1_15' title="bbox 696 1256 1807 1315; baseline 0 -15"><span class='ocrx_word' id='word_1_73' title='bbox 696 1258 802 1300; x_wconf 83' lang='lat' dir='ltr'>Hinc</span> <span class='ocrx_word' id='word_1_74' title='bbox 834 1265 990 1311; x_wconf 75' lang='lat' dir='ltr'>autem,</span> <span class='ocrx_word' id='word_1_75' title='bbox 1031 1256 1058 1297; x_wconf 87' lang='lat' dir='ltr'>fi</span> <span class='ocrx_word' id='word_1_76' title='bbox 1091 1257 1246 1298; x_wconf 83' lang='lat' dir='ltr'>termini</span> <span class='ocrx_word' id='word_1_77' title='bbox 1277 1256 1325 1310; x_wconf 87' lang='lat' dir='ltr'>P,</span> <span class='ocrx_word' id='word_1_78' title='bbox 1358 1258 1431 1315; x_wconf 85' lang='lat' dir='ltr'>Q,</span> <span class='ocrx_word' id='word_1_79' title='bbox 1479 1257 1516 1301; x_wconf 89' lang='lat' dir='ltr'>R</span> <span class='ocrx_word' id='word_1_80' title='bbox 1551 1265 1624 1299; x_wconf 86' lang='lat' dir='ltr'>etc.</span> <span class='ocrx_word' id='word_1_81' title='bbox 1656 1258 1807 1313; x_wconf 77' lang='lat' dir='ltr'>adfint,&#39;</span> 
     </span>
     <span class='ocr_line' id='line_1_16' title="bbox 551 1320 1824 1376; baseline 0 -13"><span class='ocrx_word' id='word_1_82' title='bbox 551 1320 606 1364; x_wconf 83' lang='lat' dir='ltr'>ob</span> <span class='ocrx_word' id='word_1_83' title='bbox 639 1321 908 1376; x_wconf 76' lang='lat' dir='ltr'>integrationes</span> <span class='ocrx_word' id='word_1_84' title='bbox 938 1320 1174 1361; x_wconf 77' lang='lat' dir='ltr'>instituendas</span> <span class='ocrx_word' id='word_1_85' title='bbox 1204 1321 1337 1361; x_wconf 79' lang='lat' dir='ltr'>relatio</span> <span class='ocrx_word' id='word_1_86' title='bbox 1367 1323 1465 1361; x_wconf 90' lang='lat' dir='ltr'>inter</span> <span class='ocrx_word' id='word_1_87' title='bbox 1494 1334 1524 1362; x_wconf 79' lang='lat' dir='ltr'><strong><em>x</em></strong></span> <span class='ocrx_word' id='word_1_88' title='bbox 1570 1330 1610 1361; x_wconf 91' lang='lat' dir='ltr'>et</span> <span class='ocrx_word' id='word_1_89' title='bbox 1646 1338 1681 1373; x_wconf 88' lang='lat' dir='ltr'><em>y</em></span> <span class='ocrx_word' id='word_1_90' title='bbox 1730 1331 1824 1364; x_wconf 72' lang='lat' dir='ltr'>non‘</span> 
     </span>
     <span class='ocr_line' id='line_1_17' title="bbox 553 1383 1809 1439; baseline 0.002 -15"><span class='ocrx_word' id='word_1_91' title='bbox 553 1386 701 1438; x_wconf 85' lang='lat' dir='ltr'>penitus</span> <span class='ocrx_word' id='word_1_92' title='bbox 731 1385 1028 1434; x_wconf 80' lang='lat' dir='ltr'>determinatur,</span> <span class='ocrx_word' id='word_1_93' title='bbox 1062 1383 1146 1436; x_wconf 85' lang='lat' dir='ltr'>quia</span> <span class='ocrx_word' id='word_1_94' title='bbox 1178 1384 1215 1423; x_wconf 89' lang='lat' dir='ltr'>in</span> <span class='ocrx_word' id='word_1_95' title='bbox 1247 1396 1332 1425; x_wconf 82' lang='lat' dir='ltr'>eam</span> <span class='ocrx_word' id='word_1_96' title='bbox 1366 1395 1434 1438; x_wconf 90' lang='lat' dir='ltr'>per</span> <span class='ocrx_word' id='word_1_97' title='bbox 1466 1383 1621 1437; x_wconf 81' lang='lat' dir='ltr'>singulas</span> <span class='ocrx_word' id='word_1_98' title='bbox 1649 1387 1809 1439; x_wconf 84' lang='lat' dir='ltr'>integra-</span> 
     </span>
     <span class='ocr_line' id='line_1_18' title="bbox 554 1446 1810 1500; baseline 0.001 -13"><span class='ocrx_word' id='word_1_99' title='bbox 554 1448 677 1488; x_wconf 81' lang='lat' dir='ltr'>tiones</span> <span class='ocrx_word' id='word_1_100' title='bbox 735 1450 946 1489; x_wconf 81' lang='lat' dir='ltr'>constantes</span> <span class='ocrx_word' id='word_1_101' title='bbox 991 1446 1214 1500; x_wconf 78' lang='lat' dir='ltr'>quantitates</span> <span class='ocrx_word' id='word_1_102' title='bbox 1270 1447 1483 1488; x_wconf 75' lang='lat' dir='ltr'>arbitrariae</span> <span class='ocrx_word' id='word_1_103' title='bbox 1541 1447 1810 1498; x_wconf 80' lang='lat' dir='ltr'>ingrediuntur.</span> 
     </span>
     <span class='ocr_line' id='line_1_19' title="bbox 559 1509 1809 1564; baseline 0.001 -14"><span class='ocrx_word' id='word_1_104' title='bbox 559 1511 628 1559; x_wconf 76' lang='lat' dir='ltr'>His</span> <span class='ocrx_word' id='word_1_105' title='bbox 656 1510 769 1564; x_wconf 82' lang='lat' dir='ltr'>igitur</span> <span class='ocrx_word' id='word_1_106' title='bbox 797 1510 933 1558; x_wconf 78' lang='lat' dir='ltr'>cafibus</span> <span class='ocrx_word' id='word_1_107' title='bbox 965 1511 1012 1552; x_wconf 84' lang='lat' dir='ltr'>ad</span> <span class='ocrx_word' id='word_1_108' title='bbox 1045 1509 1296 1562; x_wconf 70' lang='lat' dir='ltr'>quaestionem</span> <span class='ocrx_word' id='word_1_109' title='bbox 1332 1510 1495 1552; x_wconf 80' lang='lat' dir='ltr'>maximi</span> <span class='ocrx_word' id='word_1_110' title='bbox 1542 1509 1604 1550; x_wconf 77' lang='lat' dir='ltr'>ve}</span> <span class='ocrx_word' id='word_1_111' title='bbox 1653 1510 1809 1552; x_wconf 80' lang='lat' dir='ltr'>minimi</span> 
     </span>
     <span class='ocr_line' id='line_1_20' title="bbox 557 1571 1811 1628; baseline 0 -15"><span class='ocrx_word' id='word_1_112' title='bbox 557 1575 648 1614; x_wconf 76' lang='lat' dir='ltr'>aliae</span> <span class='ocrx_word' id='word_1_113' title='bbox 683 1574 884 1614; x_wconf 80' lang='lat' dir='ltr'>nonnullae</span> <span class='ocrx_word' id='word_1_114' title='bbox 915 1572 1149 1615; x_wconf 85' lang='lat' dir='ltr'>conditiones</span> <span class='ocrx_word' id='word_1_115' title='bbox 1181 1574 1332 1626; x_wconf 81' lang='lat' dir='ltr'>adiungi</span> <span class='ocrx_word' id='word_1_116' title='bbox 1370 1571 1547 1628; x_wconf 86' lang='lat' dir='ltr'>possunt,</span> <span class='ocrx_word' id='word_1_117' title='bbox 1597 1573 1716 1614; x_wconf 87' lang='lat' dir='ltr'>veluti</span> <span class='ocrx_word' id='word_1_118' title='bbox 1765 1581 1811 1613; x_wconf 83' lang='lat' dir='ltr'>vt</span> 
     </span>
    </p>
   </div>
   <div class='ocr_carea' id='block_1_11' title="bbox 543 1635 1812 1754">
    <p class='ocr_par' dir='ltr' id='par_1_11' title="bbox 543 1635 1812 1754">
     <span class='ocr_line' id='line_1_21' title="bbox 557 1635 1812 1692; baseline 0.001 -16"><span class='ocrx_word' id='word_1_119' title='bbox 557 1650 631 1690; x_wconf 84' lang='lat' dir='ltr'>pro</span> <span class='ocrx_word' id='word_1_120' title='bbox 663 1636 753 1678; x_wconf 81' lang='lat' dir='ltr'>datis</span> <span class='ocrx_word' id='word_1_121' title='bbox 783 1637 1003 1690; x_wconf 81' lang='lat' dir='ltr'>quibusdam</span> <span class='ocrx_word' id='word_1_122' title='bbox 1037 1636 1224 1680; x_wconf 72' lang='lat' dir='ltr'>valoribus,</span> <span class='ocrx_word' id='word_1_123' title='bbox 1249 1637 1356 1692; x_wconf 79' lang='lat' dir='ltr'>ipsius</span> <span class='ocrx_word' id='word_1_124' title='bbox 1387 1650 1432 1691; x_wconf 81' lang='lat' dir='ltr'>x,</span> <span class='ocrx_word' id='word_1_125' title='bbox 1464 1636 1579 1678; x_wconf 77' lang='lat' dir='ltr'>altera</span> <span class='ocrx_word' id='word_1_126' title='bbox 1625 1635 1812 1678; x_wconf 73' lang='lat' dir='ltr'>variabilis</span> 
     </span>
     <span class='ocr_line' id='line_1_22' title="bbox 543 1700 1109 1754; baseline -0.009 -11"><span class='ocrx_word' id='word_1_127' title='bbox 543 1714 577 1754; x_wconf 80' lang='lat' dir='ltr'><em>y</em></span> <span class='ocrx_word' id='word_1_128' title='bbox 608 1700 715 1742; x_wconf 77' lang='lat' dir='ltr'>datos</span> <span class='ocrx_word' id='word_1_129' title='bbox 746 1700 890 1741; x_wconf 80' lang='lat' dir='ltr'>valores</span> <span class='ocrx_word' id='word_1_130' title='bbox 924 1700 1109 1741; x_wconf 79' lang='lat' dir='ltr'>obtineat.</span> 
     </span>
    </p>
   </div>
   <div class='ocr_carea' id='block_1_12' title="bbox 987 1806 1388 1882">
    <p class='ocr_par' dir='ltr' id='par_1_12' title="bbox 987 1806 1388 1882">
     <span class='ocr_line' id='line_1_23' title="bbox 987 1806 1388 1882; baseline 0.002 -17"><span class='ocrx_word' id='word_1_131' title='bbox 987 1806 1250 1874; x_wconf 88' lang='lat' dir='ltr'>Coroll.</span> <span class='ocrx_word' id='word_1_132' title='bbox 1338 1828 1388 1882; x_wconf 76' lang='lat'>3.</span> 
     </span>
    </p>
   </div>
   <div class='ocr_carea' id='block_1_13' title="bbox 559 1925 1825 2221">
    <p class='ocr_par' dir='ltr' id='par_1_13' title="bbox 559 1925 1825 2162">
     <span class='ocr_line' id='line_1_24' title="bbox 711 1925 1817 1981; baseline 0.003 -14"><span class='ocrx_word' id='word_1_133' title='bbox 711 1925 867 1967; x_wconf 83' lang='lat' dir='ltr'>Omiffis</span> <span class='ocrx_word' id='word_1_134' title='bbox 920 1935 1048 1969; x_wconf 83' lang='lat' dir='ltr'>autem</span> <span class='ocrx_word' id='word_1_135' title='bbox 1107 1927 1324 1973; x_wconf 84' lang='lat' dir='ltr'>huiusmodi</span> <span class='ocrx_word' id='word_1_136' title='bbox 1357 1925 1639 1968; x_wconf 79' lang='lat' dir='ltr'>conditionibus</span> <span class='ocrx_word' id='word_1_137' title='bbox 1663 1956 1677 1981; x_wconf 92' lang='lat'>,</span> <span class='ocrx_word' id='word_1_138' title='bbox 1709 1937 1817 1970; x_wconf 68' lang='lat' dir='ltr'>noua.</span> 
     </span>
     <span class='ocr_line' id='line_1_25' title="bbox 559 1987 1820 2046; baseline 0.002 -17"><span class='ocrx_word' id='word_1_139' title='bbox 559 1987 722 2045; x_wconf 79' lang='lat' dir='ltr'>quaestio</span> <span class='ocrx_word' id='word_1_140' title='bbox 753 1990 908 2032; x_wconf 83' lang='lat' dir='ltr'>formati</span> <span class='ocrx_word' id='word_1_141' title='bbox 941 1991 1064 2046; x_wconf 88' lang='lat' dir='ltr'>potest</span> <span class='ocrx_word' id='word_1_142' title='bbox 1087 2017 1102 2041; x_wconf 88' lang='lat'>,</span> <span class='ocrx_word' id='word_1_143' title='bbox 1135 1991 1460 2044; x_wconf 83' lang='lat' dir='ltr'>quemadmodum</span> <span class='ocrx_word' id='word_1_144' title='bbox 1489 1991 1701 2032; x_wconf 82' lang='lat' dir='ltr'>constantes</span> <span class='ocrx_word' id='word_1_145' title='bbox 1729 1991 1820 2033; x_wconf 68' lang='lat' dir='ltr'>inae</span> 
     </span>
     <span class='ocr_line' id='line_1_26' title="bbox 560 2052 1825 2107; baseline 0.006 -17"><span class='ocrx_word' id='word_1_146' title='bbox 560 2064 631 2107; x_wconf 87' lang='lat' dir='ltr'>per</span> <span class='ocrx_word' id='word_1_147' title='bbox 666 2052 951 2105; x_wconf 74' lang='lat' dir='ltr'>integrationem</span> <span class='ocrx_word' id='word_1_148' title='bbox 988 2054 1222 2096; x_wconf 70' lang='lat' dir='ltr'>introductae</span> <span class='ocrx_word' id='word_1_149' title='bbox 1252 2054 1399 2095; x_wconf 84' lang='lat' dir='ltr'>definiri</span> <span class='ocrx_word' id='word_1_150' title='bbox 1430 2054 1623 2107; x_wconf 79' lang='lat' dir='ltr'>debeant,</span> <span class='ocrx_word' id='word_1_151' title='bbox 1675 2064 1720 2096; x_wconf 75' lang='lat' dir='ltr'>vt</span> <span class='ocrx_word' id='word_1_152' title='bbox 1751 2053 1825 2099; x_wconf 78' lang='lat' dir='ltr'>vel.</span> 
     </span>
     <span class='ocr_line' id='line_1_27' title="bbox 561 2115 1817 2162; baseline -0.001 -4"><span class='ocrx_word' id='word_1_153' title='bbox 561 2115 778 2158; x_wconf 76' lang='lat' dir='ltr'>maximum</span> <span class='ocrx_word' id='word_1_154' title='bbox 807 2117 1068 2160; x_wconf 76' lang='lat' dir='ltr'>maximorum</span> <span class='ocrx_word' id='word_1_155' title='bbox 1105 2117 1166 2160; x_wconf 76' lang='lat' dir='ltr'>vel</span> <span class='ocrx_word' id='word_1_156' title='bbox 1196 2119 1404 2162; x_wconf 85' lang='lat' dir='ltr'>minimum</span> <span class='ocrx_word' id='word_1_157' title='bbox 1445 2119 1692 2162; x_wconf 88' lang='lat' dir='ltr'>minimorum</span> <span class='ocrx_word' id='word_1_158' title='bbox 1742 2118 1817 2158; x_wconf 81' lang='lat' dir='ltr'>ob·</span> 
     </span>
    </p>

    <p class='ocr_par' dir='ltr' id='par_1_14' title="bbox 1626 2180 1804 2221">
     <span class='ocr_line' id='line_1_28' title="bbox 1626 2180 1804 2221; baseline -0.006 -1"><span class='ocrx_word' id='word_1_159' title='bbox 1626 2180 1804 2221; x_wconf 80' lang='lat' dir='ltr'>tineatu&#39;rz</span> 
     </span>
    </p>
   </div>
  </div>
 </body>
</html>
