1972 2652
345 214 1154 265 'METEOROLOGICAE
1280 224 1374 277 3⁸75*

257 330 563 375 Phaenomenum
584 334 699 375 solare
717 334 906 375 obseruaui
924 336 1020 374 circa
1038 335 1271 376 meridiemd
1301 349 1368 375 12.
1389 348 1469 384 Tab.
1497 347 1541 385 x,

121 391 271 437 Scilicet
306 397 397 436 halo
427 411 516 438 cum
553 397 668 437 tribus
703 398 847 451 par-eliis
880 400 1064 451 adparuit.
1137 397 1231 439 Bina
1266 412 1376 452 pare·
1401 398 1470 448 Fig
1504 412 1535 434 ¹·

119 458 168 499 lia
213 461 258 500 ad
307 460 400 501 latus
449 459 548 501 Sulis
602 462 719 513 posita
780 472 884 501 erant
932 461 1217 502 horizontaliter
1266 475 1376 505 more

117 527 324 573 enumero,
354 525 480 564 tertius
512 524 673 577 parelius
704 521 848 564 Zenith
892 523 1014 564 versus
1051 524 1374 580 conspiciebatur,

118 588 174 625 vti
206 585 323 639 figura
354 589 549 628 monstrat.
636 587 715 626 Pars
747 588 898 628 inferior
929 589 981 627 ob
1013 588 1160 627 coelum
1217 589 1378 629 nebulo-

116 647 185 689 slus
216 651 266 688 ibi
303 652 422 691 videri
458 662 535 690 non
566 650 704 705 potuit.
772 649 883 689 Idem
920 650 1234 702 phaenomenum
1276 653 1373 694 circa

115 710 234 751 solem
266 716 502 755 occidentem
535 718 660 754 denuo
691 711 933 765 sped'tandum
968 712 1001 750 se
1036 714 1206 765 praebuit
1229 744 1241 763 ,
1284 728 1374 756 cum

113 772 183 812 hac
215 783 360 815 tantum
394 778 625 823 differentia,
662 775 762 827 quod
796 775 922 826 parelii
962 775 1219 815 horizontales
1252 779 1377 818 minus

112 835 286 876 distinete
305 868 316 887 ,
351 842 476 878 tertius
510 850 603 878 vero
638 837 824 878 verticalis
856 837 980 877 maior
1020 838 1090 879 illis
1130 840 1341 892 adparuerit
1361 870 1374 891 ,

112 906 150 937 et
181 912 274 940 nunc
307 912 390 954 pars
424 902 579 942 inferior
622 900 767 941 balonis
817 901 869 941 ob
918 900 1034 942 nubes
1080 901 1238 957 speetari
1292 915 1372 944 non

110 963 234 1017 potuit
253 991 265 1013 ‚
298 974 336 1003 et
368 977 463 1005 mox
494 965 729 1006 occidentem
763 964 891 1004 solem.

245 1027 436 1068 Portiones
468 1031 652 1080 quaedam
686 1027 830 1068 balonis
850 1058 860 1076 ,
909 1026 976 1067 vbi
1009 1027 1162 1068 coelum
1196 1040 1366 1082 vaporo-

108 1088 177 1130 fius
207 1099 282 1131 erat
303 1118 314 1138 ,
342 1091 531 1131 coloribus
564 1092 665 1130 iridis
695 1091 967 1142 superbiebant.
1034 1087 1238 1129 Caeterum
1273 1103 1368 1131 coe·

108 1150 190 1192 lum
223 1160 301 1193 etat
339 1161 426 1193 toto
467 1154 526 1193 die
565 1153 958 1205 sereno-vaporosum
989 1183 1000 1201 ‚
1042 1150 1365 1195 thermometrum

106 1212 151 1254 11.
181 1224 222 1262 3.
260 1219 363 1263 196.
398 1225 436 1255 et
465 1214 504 1255 h.
540 1227 609 1253 11.
645 1227 687 1266 p.
720 1227 774 1255 m.
814 1225 914 1253 200.
986 1212 1253 1256 Baromeerum
1299 1229 1364 1258 au-

105 1284 188 1317 tem
223 1278 263 1318 h.
299 1292 338 1328 3.
371 1292 407 1332 p.
443 1290 494 1317 m.
532 1281 688 1326 27.80.
706 1286 745 1316 et
764 1277 801 1317 h.
830 1289 898 1316 11.
921 1286 976 1325 27
1010 1283 1079 1324 85.
1106 1277 1250 1318 Ventus
1268 1279 1363 1319 02.

240 1340 371 1381 Mente
407 1340 612 1380 Februario
645 1341 748 1379 venti
780 1339 1090 1379 vehementiores
1122 1339 1220 1378 fuere
1255 1340 1359 1390 W3

100 1401 138 1440 d.
180 1415 220 1441 1.
253 1402 342 1449 Sa.
377 1403 415 1442 d.
450 1413 491 1449 3.
539 1402 675 1444 caeteri
714 1401 875 1443 leuiores
907 1412 959 1442 ex
992 1401 1102 1443 variis
1134 1401 1254 1458 plagis
1286 1404 1368 1458 spi·

96 1474 236 1505 rarunt.

233 1527 330 1570 Dies
377 1530 495 1571 sereni
544 1530 642 1572 fuere
678 1542 770 1584 103
807 1529 937 1583 reliqui
990 1528 1107 1570 nubili
1157 1538 1195 1570 et
1228 1530 1362 1574 niuosi.

99 1587 243 1630 Nebula
277 1592 383 1643 lpiffa
422 1595 460 1632 d.
499 1605 567 1643 ¹9·
617 1605 760 1643 mane,
808 1593 980 1645 sequente
1030 1593 1228 1633 lerenitate
1275 1596 1361 1646 post

97 1651 328 1701 meridiem,
361 1654 578 1697 barometro
610 1656 837 1696 monstrante
876 1658 946 1694 28.
957 1667 979 1704 3
989 1663 1010 1702 5
1047 1663 1084 1694 et
1119 1654 1356 1697 thermome-

97 1720 159 1753 tro
197 1717 298 1762 165.

234 1777 365 1818 Mense
396 1779 547 1821 Martio
572 1781 678 1821 venti
697 1781 1004 1823 vehementiores
1021 1781 1215 1836 contigere
1232 1782 1269 1823 d.
1297 1789 1349 1826 ιε

96 1836 210 1890 W4,
235 1840 272 1880 d.
309 1855 351 1892 3.
386 1840 468 1892 S3,
503 1845 542 1886 d.
568 1857 622 1900 19
641 1854 682 1884 et
715 1855 786 1884 20.
824 1843 941 1897 W3‚
972 1846 1170 1899 sequente,
1201 1850 1256 1885 vti
1287 1855 1353 1886 vt-

92 1901 299 1955 plurimum
338 1907 428 1946 solet
450 1938 462 1957 ,
511 1907 778 1962 tranquillitate
811 1910 928 1959 aeris,
978 1918 1167 1950 caeterum
1200 1908 1355 1962 potiffi-

94 1976 203 2006 mum
238 1970 408 2021 regnauit
425 1970 477 2012 Ο.

241 2030 397 2073 Plurimi
429 2032 543 2076 huius
575 2034 714 2076 mensis
749 2034 828 2075 dies
873 2034 976 2077 fuere
1023 2035 1151 2077 sereni.
1237 2034 1352 2086 Nam

90 2090 225 2135 decem
261 2103 406 2136 tantum
438 2109 544 2138 erant
576 2099 692 2139 nubili
724 2108 764 2138 et
796 2099 920 2140 niuofi.

237 2156 328 2202 Lux
359 2160 518 2203 borealis
545 2161 690 2218 placida
722 2164 763 2204 d.
798 2174 869 2203 22.
906 2167 980 2206 28.
1018 2173 1092 2213 29.

1192 2222 1350 2268 Nebula
