1972 2652
573 310 662 357 448
898 304 1016 346 DE
1081 301 1534 345 EFFECTV

569 417 707 471 polus,
757 414 872 467 sitque
926 412 1001 455 hoc
1042 413 1226 468 pune'tum
1258 423 1299 471 p.
1396 414 1568 456 Ducatur
1609 414 1710 456 reeta
1744 412 1832 470 Cp,

569 489 606 520 et
640 477 705 519 Cn
738 477 804 517 fiat
836 475 983 532 :Cgh
1072 476 1136 519 Ex
1170 477 1204 517 B
1236 480 1389 520 ducatur
1420 492 1489 532 per
1520 492 1543 520 n
1576 479 1679 520 recta
1713 477 1834 529 Bnr,

567 555 609 583 ac
644 553 695 581 ex
727 553 750 582 r
780 542 954 594 vtr'inque
987 541 1247 583 abscindantur
1280 556 1380 583 arcus
1413 555 1463 584 rs
1494 553 1532 582 et
1565 555 1640 597 νᾳ,
1693 543 1836 583 distan-

565 605 638 645 tiae
669 605 863 659 perimetri
898 605 1028 646 circuli
1062 604 1124 644 hic
1158 605 1388 646 describendi
1421 619 1441 646 a
1472 607 1564 659 polo
1596 605 1661 645 suo
1700 617 1835 657 aequa-

565 668 635 708 les.
731 667 929 710 Ducantur
970 681 1088 722 porro
1126 681 1178 708 ex
1219 667 1276 719 B,
1319 681 1386 722 per
1419 680 1444 722 q
1475 678 1515 708 et
1548 682 1566 709 s
1598 668 1722 709 reciae
1755 666 1837 723 Bq,

566 730 654 780 Bs,
691 745 783 786 quae
818 732 938 787 EQ,
973 732 995 771 fi
1028 743 1152 784 opuS‚
1186 732 1410 785 productam
1445 732 1566 772 secent
1599 732 1637 771 in
1669 738 1687 772 t
1720 742 1759 772 et
1791 743 1834 772 v.

567 795 691 839 Rem
723 802 775 837 vt
808 795 988 835 bisecetur
1021 795 1059 833 in
1094 795 1139 845 k,
1171 808 1212 836 ac
1246 796 1282 835 in
1317 795 1419 836 reeta
1452 793 1519 850 Cp
1553 795 1619 836 fiat
1639 793 1834 851 szck,

567 867 607 899 et
629 858 831 913 fgzvk.
898 858 1042 914 Quodsi
1076 867 1161 897 tunc
1198 867 1328 898 centro
1348 858 1398 915 f,
1432 859 1538 898 radio
1559 856 1836 914 gf‚describa-

566 930 625 963 tur
655 921 808 963 circulus
839 922 953 975 lgm,
986 920 1126 962 fidium
1161 922 1257 974 erit,
1290 922 1390 976 quod
1423 923 1681 974 quaerebatur.

718 1017 799 1073 Qui
831 1017 1113 1071 proieeiionum
1149 1015 1336 1059 theoriam
1371 1016 1524 1058 modice
1555 1016 1674 1058 solum
1706 1014 1835 1068 callet,

569 1078 808 1121 fundamenta
845 1081 954 1121 huius
988 1080 1217 1133 operationis
1247 1080 1320 1127 leui
1354 1082 1511 1135 negotio
1543 1081 1718 1135 detegere
1764 1092 1834 1133 po-

566 1143 656 1183 terit
682 1175 694 1195 ,
726 1142 905 1196 simulque
937 1143 1044 1183 facile
1079 1143 1307 1196 perspiciet,
1340 1145 1366 1184 si
1397 1145 1614 1198 contingat,
1646 1142 1833 1197 pundtum

557 1214 591 1262 p
623 1219 699 1248 non
741 1207 879 1247 cadere
919 1207 957 1247 in
1002 1206 1322 1259 hemisphaerium
1365 1206 1569 1263 EBQA,
1610 1206 1799 1261 punitum
1823 1237 1835 1257 ,

565 1270 660 1324 polo
688 1278 716 1325 p
749 1270 1015 1311 diametraliter
1064 1270 1284 1323 oppositum
1309 1303 1319 1323 ,
1374 1272 1411 1310 in
1462 1270 1566 1312 vsum
1618 1270 1834 1311 vocandum

565 1335 671 1386 effe,
705 1346 773 1373 nec
807 1335 931 1375 minus
949 1366 959 1385 ‚
991 1334 1018 1374 si
1048 1332 1201 1374 circulus
1231 1346 1309 1374 non
1340 1334 1684 1388 comprehendatur
1734 1341 1835 1374 totus

566 1396 615 1435 ab
649 1396 931 1448 hemisphaerio
964 1395 1157 1450 EBQA,
1200 1398 1466 1450 operationem
1513 1397 1676 1438 similem
1701 1428 1713 1449 ,
1762 1407 1838 1449 pro

566 1455 806 1498 describenda
837 1458 974 1512 reliqua
1004 1459 1131 1497 circuli
1165 1468 1272 1511 parte
1296 1492 1307 1511 ‚
1357 1461 1395 1501 in
1429 1460 1713 1513 hemisphaerio
1742 1459 1836 1499 alte-

567 1532 613 1562 to
644 1519 907 1561 instituendam
949 1521 1034 1562 effe.

722 1613 915 1655 Methodo
963 1614 1034 1654 hac
1085 1615 1130 1655 ad
1179 1615 1334 1668 quoduis
1383 1622 1632 1655 momentum
1652 1645 1662 1664 ,
1714 1615 1799 1656 loca
1822 1645 1836 1665 ‚

566 1690 662 1733 quae
693 1677 866 1719 Planetae
902 1679 941 1717 in
981 1676 1082 1719 Solis
1129 1678 1270 1719 discum
1305 1677 1593 1719 immersionem
1615 1708 1628 1730 ‚
1676 1686 1742 1718 aut
1783 1689 1835 1718 ex

569 1742 646 1796 ipso
678 1743 931 1784 emersionem
952 1768 964 1792 ‚
1013 1740 1246 1796 conspitiunt
1272 1773 1285 1793 ‚
1337 1741 1515 1795 graphice
1557 1739 1731 1782 exhiberi
1764 1752 1832 1794 po-

567 1814 709 1847 terunt.
771 1806 861 1862 Qio
890 1816 983 1845 vero
1013 1818 1064 1846 ex
1096 1806 1156 1846 tali
1191 1806 1457 1859 proieciione,
1495 1816 1682 1853 omnem,
1715 1815 1834 1858 quem

569 1869 817 1920 intendimus,
846 1869 955 1909 vium
989 1870 1161 1910 obtinere
1194 1882 1374 1923 queamus
1393 1899 1404 1917 ‚
1439 1869 1490 1908 ita
1522 1870 1559 1908 in
1577 1867 1836 1921 defignatione

568 1931 707 1972 horum
741 1932 977 1983 circulorum,
1020 1943 1062 1974 vt
1081 1934 1354 1988 procedamus⁷
1389 1932 1616 1973 conueniens
1635 1932 1727 1981 erit,
1757 1941 1804 1971 vt

689 2030 730 2077 1)
765 2028 949 2080 puntstum
971 2058 983 2078 ‚
1014 2029 1113 2081 quod
1162 2028 1358 2082 primum,
1405 2036 1444 2066 et
1490 2027 1588 2080 quod
1641 2020 1695 2067 est
1744 2023 1836 2065 vlti-

569 2100 676 2130 mum
713 2090 751 2127 iu
785 2100 905 2130 terrae
939 2092 1085 2145 globo,
1124 2103 1256 2131 eorum
1281 2121 1293 2141 ‚
1329 2102 1425 2143 quae
1460 2090 1745 2131 immersionem
1773 2097 1836 2128 aut

567 2151 829 2192 emersionem
862 2156 1124 2207 conspiciunt,
1180 2153 1413 2207 designentur
1435 2186 1465 2206 ‚⁷
1494 2154 1596 2208 quod
1632 2151 1835 2209 quomodo

567 2212 650 2256 fieri
683 2223 820 2269 queat,
852 2217 932 2256 satis
961 2229 1010 2259 ex
1044 2218 1286 2274 superioribus
1319 2218 1476 2259 constat.

1675 2306 1830 2364 qne„
