1972 2652
520 197 972 243 OPTICAE
1279 212 1365 254 2„

111 310 312 355 obseruatis
342 311 570 370 Bzffwiatzis
600 312 803 355 similitudo
827 341 839 357 .
865 310 1045 353 excitauit
1076 321 1140 352 me
1161 337 1174 362 ,
1216 309 1264 354 ad
1295 320 1370 353 ex-

111 380 366 433 perimentum
399 380 550 432 saepius,
568 390 613 419 ac
644 376 791 418 diuersis
820 375 884 416 sub
915 375 1223 428 circumstantiis,
1254 376 1368 417 coelo

114 452 255 493 nempe
288 452 391 481 mox
423 441 573 492 sereno,
610 453 706 483 mox
738 440 893 483 nubilo,
926 438 1170 492 repetendum
1191 469 1204 491 ,
1235 450 1278 478 ac
1311 440 1372 480 in-

112 504 231 555 veni,
264 515 456 557 nunquam
490 517 569 545 non
602 504 778 546 vmbram
812 514 888 556 ope
918 501 1095 543 candelae
1125 501 1294 542 accensae
1331 505 1370 543 in

113 566 279 607 chartam
320 568 556 621 proiectam,
585 578 761 620 tempore
793 565 974 608 diluculi,
1004 575 1065 605 aut
1099 565 1277 604 matutini
1307 573 1373 606 aut

111 629 346 682 vespertini,
381 631 644 685 elegantiffime
676 629 924 681 coeruleum,
956 626 1088 682 ptouti
1115 627 1228 679 dixi,
1258 627 1374 683 exhi-⁴

115 691 204 732 bere
235 693 425 734 colorem.

261 761 362 803 Cum
397 764 504 804 color
535 761 729 802 coeruleus
761 759 860 800 flauo
894 757 1041 799 mixtus
1075 757 1279 811 producere
1315 759 1371 798 so·

113 823 191 864 leat
223 825 382 864 viridem
406 856 418 878 ,
452 825 618 877 experiri
651 824 774 874 volui,
803 835 849 864 an
883 821 987 862 idem
1030 821 1104 862 hoc
1144 822 1286 863 accidat
1336 822 1376 862 in

114 886 246 928 colore
279 886 384 936 hoc,
434 900 512 942 quo
543 887 702 928 vmbtae
742 885 882 926 tinCtae
933 885 1120 926 videntur.
1222 885 1375 939 Excepi

114 948 235 1003 itaque
269 950 449 991 vmbram
482 951 521 990 in
553 950 674 991 tabula
707 962 757 990 ex
797 947 969 1002 sulphure
1017 949 1219 990 communi
1270 948 1375 1002 fula,

114 1024 228 1065 quam
263 1013 309 1054 ad
342 1015 609 1066 experimenta
640 1013 811 1054 electrica
841 1011 1065 1054 adhibebam
1086 1039 1098 1061 ,
1147 1024 1192 1053 ac
1238 1012 1374 1052 omni-

115 1087 169 1115 no
190 1105 203 1125 ,
242 1075 300 1115 vti
332 1076 633 1127 exspectaueram
657 1106 670 1125 ‚
701 1075 877 1115 vmbram
909 1073 1070 1114 viridem
1101 1073 1275 1115 colorem
1308 1073 1375 1114 ad-

115 1138 277 1176 modum
308 1136 447 1176 laetum
481 1138 665 1178 exhibere
703 1137 909 1177 obseruaui.

254 1206 463 1260 Nunquam
496 1219 621 1249 autem
641 1236 653 1251 ‚
687 1209 782 1247 inter
813 1205 932 1260 plures
960 1218 1071 1260 quam
1107 1205 1256 1259 triginta
1301 1206 1375 1246 ob-

115 1266 355 1320 seruationes,
393 1270 535 1322 inueni,
568 1271 744 1310 vmbram
776 1283 796 1309 a
815 1269 968 1309 candela
987 1270 1139 1309 ardente
1157 1269 1372 1322 proiectam

116 1332 279 1373 viridem
328 1332 401 1372 effe
424 1362 436 1385 ,
483 1332 544 1373 sed
593 1334 711 1385 ipfflm
743 1331 953 1372 constanter
972 1363 984 1383 ,
1030 1332 1089 1371 vti
1120 1332 1191 1371 effe
1221 1344 1372 1385 quoque

115 1392 237 1435 solent
267 1407 288 1435 a
319 1392 408 1434 Sole
441 1396 588 1436 oriente
621 1396 684 1436 vel
731 1394 926 1435 occidente
961 1394 1154 1447 proiectae
1173 1422 1186 1438 ‚
1233 1406 1372 1449 coeru-

112 1455 213 1496 leam
247 1457 511 1513 deprehendi,
555 1459 621 1499 nisi
654 1466 815 1512 excepta
851 1459 960 1498 fuerit
991 1469 1012 1497 a
1046 1457 1160 1510 plano
1191 1457 1374 1498 flauedine

115 1519 251 1560 tinsto.
314 1519 489 1574 Suspicio
518 1522 606 1563 hinc
639 1522 738 1563 mihi
770 1521 1018 1572 subnascitur,
1052 1523 1090 1560 in
1123 1519 1372 1561 Celeberrimi

114 1580 259 1636 Bzffoni
309 1583 504 1623 obseruatis
554 1584 682 1626 leuem
735 1584 918 1637 quandam
963 1583 1099 1623 subesse
1133 1583 1372 1624 inaduerten-

114 1643 210 1683 tiam
233 1670 246 1694 ‚
299 1643 506 1699 Solemque
537 1647 655 1688 etiam
708 1658 898 1699 nunquam
931 1645 999 1686 nisi
1029 1646 1248 1686 coeruleum
1285 1656 1373 1685 vm-

115 1704 192 1746 bris
225 1706 420 1747 conciliare
453 1708 624 1750 colorem
645 1742 656 1761 ‚
689 1721 731 1749 ac
763 1708 863 1762 quod
895 1708 967 1750 Vir
997 1704 1275 1748 Celeberrimus
1305 1707 1393 1748 ali--

116 1768 264 1821 quoties
296 1768 389 1821 ipsas
420 1769 557 1811 viderit
585 1772 738 1820 virides,
770 1771 916 1811 aliunde
946 1780 1074 1810 ortum
1109 1782 1185 1811 non
1205 1768 1373 1826 traxisse,

113 1830 186 1870 nisi
217 1832 315 1885 quod
345 1832 553 1885 superficies
579 1863 589 1883 ‚
616 1846 708 1887 quae
738 1834 893 1874 vmbras
938 1843 1203 1889 exceperunt,
1236 1833 1371 1875 fuerint

117 1906 194 1934 non
229 1894 390 1935 omniuo
419 1896 545 1949 albae,
585 1897 646 1938 sed
679 1896 926 1937 flauescentes.
961 1891 1036 1952 (³)

715 1960 798 2001 Oo
833 1970 856 2007 3
911 1961 915 1964 “
1241 1961 1376 2018 Quan-

118 2052 363 2070 μζ-

165 2104 231 2152 (')
255 2106 360 2140 Aliter
383 2107 446 2140 iam
470 2105 510 2141 de
534 2107 596 2141 hac
619 2122 656 2144 re
679 2109 806 2148 iudico,
842 2123 881 2144 ex
905 2125 970 2160 quo
994 2112 1059 2159 ipse
1084 2110 1254 2157 aliquoties
1285 2110 1370 2148 vidi,

221 2156 356 2191 vmbras
380 2169 397 2191 a
421 2157 496 2192 Sole
521 2158 693 2194 occidente
717 2158 898 2208 Proieehs,
922 2171 955 2198 et
976 2162 1076 2211 plano
1101 2161 1175 2201 albo
1200 2168 1368 2242 except-2215,

1278 2213 1322 2245 sm
1350 2221 1370 2245 e
