1972 2652
437 247 537 292 [Ν
596 242 835 289 SOLE
895 243 1133 288 VISA.
1258 214 1414 298 ‘477

310 373 354 412 ς.
384 362 560 404 Tandem
594 361 744 402 coelum
780 360 901 414 magis
931 360 1055 400 {liuere
1091 356 1326 413 incipiebat,
1372 367 1417 400 vt

156 426 443 477 obseruationes,
476 427 834 467 determinationem
872 424 1065 478 positionis
1097 433 1219 463 centri
1253 422 1419 465 Veneris

157 491 194 531 in
228 491 329 530 disco
362 487 461 530 Solis
489 500 769 540 concernentes,
811 489 986 542 suscipere
1028 486 1169 528 liceret.
1265 486 1311 527 ln
1342 487 1418 529 hoc

156 556 308 607 negotio
364 554 521 595 Tubum
570 554 867 596 astronomicum
920 557 964 591 6.
1009 552 1083 604 ped
1147 564 1235 593 cum
1271 549 1415 602 libella,

156 618 277 658 Tom.
317 617 388 658 VI.
428 619 580 661 Nouor-
614 615 845 657 Comment.
880 629 916 670 p.
956 626 1062 665 550.
1101 616 1200 671 seqq.
1238 615 1310 656 fuse
1344 614 1417 654 de-

154 682 328 734 scriptum
357 713 369 733 ‚
398 693 447 722 eo
479 682 661 723 lubentius
690 680 870 729 adhibui,
920 692 995 732 quo
1027 681 1164 720 certior
1214 691 1318 720 eram
1371 679 1420 720 de

155 746 376 798 praestantia
409 746 484 786 eius
516 747 554 785 in
589 745 664 785 hoc
696 741 1004 782 obseruationum
1037 755 1188 794 genere.
1274 741 1422 783 Libella

154 810 283 847 scilicet
316 821 404 847 eum
442 810 478 848 in
515 808 634 849 finem
668 806 848 858 applicari
882 804 972 845 solet
992 837 1004 856 ,
1047 817 1088 845 vt
1121 805 1268 846 reticuli
1302 806 1421 846 Tubo

154 870 276 909 inserti
310 868 416 909 filum
453 871 608 911 alterum
645 869 960 920 horizontalem,
987 867 1147 909 alterum
1183 869 1428 917 verticalem,

133 935 263 974 *situm
314 933 511 985 obtineat,
577 946 625 973 ne
675 931 852 973 restrictio
904 931 1206 973 obseruationem
1260 934 1419 986 turbet;

153 1010 264 1050 quain
300 996 452 1050 quidem
490 998 782 1038 adornationem
812 998 930 1050 quiuis
962 996 1158 1052 Quadrans
1190 995 1422 1037 astronomi-

153 1073 238 1111 cus,
273 1061 428 1113 dioptris
461 1061 693 1114 telescopicis
725 1060 942 1112 instrmstns,
973 1064 1112 1113 absque
1144 1061 1290 1113 libella,
1324 1071 1420 1100 con-

154 1124 265 1164 cedit.
337 1125 405 1163 Ast
438 1137 526 1164 cum
561 1125 745 1164 eiusmodi
780 1125 1004 1178 Quadrans,
1036 1123 1061 1163 si
1095 1125 1175 1164 eius
1207 1125 1319 1176 copia
1350 1122 1418 1163 de-

156 1198 214 1227 tur
236 1219 247 1238 ‚
294 1187 478 1239 portatilis
510 1188 583 1226 esse
614 1188 783 1236 debeat,
812 1186 969 1240 ideoque
1004 1187 1156 1227 Tubum
1191 1187 1339 1227 circiter
1376 1196 1417 1233 3.

154 1252 271 1304 pedes
315 1250 474 1304 longum
526 1252 798 1290 tantummodo
850 1253 1051 1291 admittere
1102 1250 1247 1304 soleat3
1298 1249 1421 1292 libella

154 1313 314 1368 pretioso
349 1313 434 1354 huic
469 1319 660 1368 apparatui
696 1327 772 1354 non
813 1313 931 1355 solum
982 1316 1193 1355 commode
1241 1313 1418 1354 substitui-

154 1389 244 1430 tur3
282 1389 414 1418 verum
451 1380 561 1418 etiam
587 1409 599 1430 ,
650 1379 752 1432 quod
787 1380 1034 1431 praecipuum
1085 1379 1166 1428 est,
1216 1377 1420 1418 maioribus

152 1441 281 1490 Tubis‚
317 1445 361 1489 6,
401 1446 438 1482 8.
471 1443 527 1480 vel
564 1443 687 1492 plui-es
721 1445 840 1493 pedes
872 1442 1009 1494 longis,
1039 1440 1225 1480 facillimo
1258 1440 1418 1493 negotio

88 1549 91 1551 ,
133 1505 360 1557 ῃειρρίἰςῑωι·
382 1536 392 1553 ‚
445 1505 505 1556 qui
539 1515 668 1556 vtique
693 1536 703 1554 ‚
737 1517 828 1557 prae
865 1505 1075 1545 minoribus
1111 1503 1345 1557 telescopiis‚
1382 1504 1420 1543 in

153 1567 411 1624 obseruatione
467 1567 685 1618 appulsuum
741 1567 893 1625 Sydcris
938 1569 985 1608 ad
1021 1567 1082 1608 fila
1117 1569 1258 1608 reticuli
1294 1567 1419 1608 maio-

153 1642 232 1668 rem
269 1629 531 1667 certitudinem
566 1630 765 1668 conciliare
795 1631 949 1669 debent.
998 1629 1060 1670 Sic
1080 1630 1210 1670 Tubus
1228 1642 1416 1669 memora-

153 1703 224 1742 tus,
243 1691 369 1730 diebus
403 1690 547 1730 sextum
585 1691 677 1731 Iunii
711 1693 1020 1745 praecedentibus
1050 1695 1094 1732 ad
1135 1705 1303 1733 examen
1345 1693 1418 1732 rite

154 1766 367 1804 reuocatus,
390 1755 481 1793 bene
514 1755 672 1796 inseruiit
708 1756 1022 1796 obseruationibus
1049 1756 1246 1809 positionis
1261 1756 1420 1798 Veneris

152 1820 189 1859 in
210 1817 309 1857 disco
344 1816 441 1857 Solis
471 1817 509 1856 d.
543 1822 585 1855 6.
622 1818 718 1859 Iunii
751 1819 936 1872 susceptis,
962 1833 1071 1873 quaS,
1092 1832 1182 1862 cum
1216 1820 1418 1860 methodus

153 1882 367 1922 obseruandi
403 1893 455 1920 ex
489 1882 604 1922 citato
637 1883 723 1922 loco
759 1897 795 1934 p.
835 1895 936 1931 552.
984 1894 1107 1936 pateat
1131 1916 1142 1938 ,
1195 1884 1317 1924 statim
1366 1895 1417 1924 ex

152 1947 284 1985 ordine
317 1944 582 1999 enumerabo,
633 1947 727 1986 sachi
760 1947 906 1999 semper
940 1947 1165 2000 horologii,
1213 1961 1288 2002 quo
1338 1952 1418 1989 vius

130 2011 227 2061 ¹sum
260 2039 270 2058 ,
304 2009 495 2049 mentione
520 2040 531 2062 ‚
564 2010 673 2050 dum
706 2009 930 2050 discriminis
960 2013 1070 2064 gratia
1106 2011 1265 2052 alterum
1299 2011 1418 2052 horo-

152 2073 297 2125 logium
336 2072 397 2121 N,
431 2071 591 2113 alterum
626 2074 682 2126 H,
714 2075 860 2114 vocaui.
932 2075 1084 2127 Reliqua
1116 2075 1413 2128 phaenomena,

152 2137 362 2176 incidenter
395 2145 520 2175 notata
543 2168 554 2187 ,
592 2140 731 2178 merito
784 2139 820 2178 in
875 2135 976 2178 snum
1017 2138 1143 2179 locum
1177 2139 1412 2180 reseruantur.

127 2203 201 2241 -In
232 2200 440 2255 appulsibus
471 2200 515 2240 ad
549 2199 611 2243 fila
644 2201 791 2243 reticuli
812 2202 1030 2256 ,significant
1053 2211 1083 2258 p
1113 2201 1211 2250 Solis
1252 2204 1412 2250 limbum

748 2267 788 2308 O
807 2278 832 2306 o
850 2279 876 2307 o
910 2281 932 2317 3
1308 2276 1405 2318 prae»
