1972 2652
564 241 662 282 1302
841 230 955 272 DE
1018 224 1468 270 EFFECTV

564 344 797 399 suppeditare
832 337 971 392 posse,
1011 339 1057 391 ud
1091 338 1193 392 quod
1228 348 1402 381 centrum
1437 348 1564 381 tamen
1591 369 1603 391 ‚
1649 346 1834 394 'tanquam

566 411 612 449 ad
646 407 846 447 terminum
880 403 1116 442 constantem
1138 434 1148 452 ‚
1203 403 1355 457 semper
1387 402 1538 444 schema
1572 402 1731 444 relatum
1771 416 1837 444 re·

564 472 748 522 quiritur,
799 476 844 505 vt
902 466 1200 506 conclusionibus
1233 468 1270 506 iu
1307 471 1409 507 vium
1447 468 1745 508 astronomicum
1781 468 1834 507 in-

565 532 706 572 seruiat.
791 531 852 572 Re
898 542 991 570 vera
1033 530 1190 570 Veneris
1224 542 1245 570 a
1278 541 1374 572 terra
1407 531 1576 571 distantia
1610 530 1670 570 sub
1703 531 1837 570 debitis

566 595 849 636 circumstantiis
883 593 934 634 ita
963 603 1183 648 comparata
1216 594 1269 633 est
1289 626 1300 644 ‚
1354 603 1397 633 vt
1428 594 1639 635 sensibilem
1671 592 1736 636 ista
1771 606 1840 647 pa-

567 659 728 700 rallaxin
761 658 908 708 subeat,
946 657 1179 698 inteneetam
1214 669 1264 696 ex
1292 656 1611 698 obseruationibus
1634 658 1681 698 ab
1706 657 1838 698 Αίῖῑο.Ξ

561 724 722 768 nornis,
782 722 832 763 ast
875 722 1053 762 omnibus
1089 722 1263 760 'numeris
1307 711 1471 773 perfee'te
1505 721 1674 761 nondum
1709 722 1842 773 cogni-

564 795 665 827 tam.
761 786 941 825 Omnem
991 784 1082 825 hinc
1118 784 1340 824 Astronomi
1383 786 1486 837 spem
1523 786 1769 825 coniecerunt
1803 786 1840 824 in

566 861 756 903 nuperum
792 848 954 888 Veneris
989 860 1056 902 per
1086 844 1217 888 Solem
1254 848 1470 888 Transitum
1490 876 1502 893 ‚
1533 858 1576 888 vt
1612 859 1663 887 ex
1682 860 1731 886 eo
1747 859 1841 901 quo-

561 925 641 966 que
674 911 921 953 subtssiffimae
957 912 1176 966 quaestionis
1207 911 1254 950 de
1285 911 1414 952 exausta
1461 911 1646 960 Veneris,
1697 911 1755 950 vti
1805 920 1845 953 et

564 973 687 1027 Solis,
722 976 921 1029 parali-axis
952 977 1155 1030 quantitate
1187 975 1458 1017 enodationem
1487 976 1685 1015 discerent.
1751 973 1843 1014 Hoc

567 1040 679 1093 igitur
730 1040 853 1079 modo
901 1051 922 1078 a
976 1039 1173 1094 praedisto
1224 1039 1398 1080 Tranfitu
1456 1038 1651 1079 obseruato
1685 1037 1845 1091 duplicis

568 1103 798 1157 quaestionis
830 1103 1057 1144 solutionem
1093 1103 1296 1156 expestare
1329 1104 1524 1143 debemus.
1575 1100 1715 1144 AItera
1734 1113 1842 1144 nem-

571 1179 623 1221 pe
657 1167 804 1219 respicit
835 1166 1163 1220 inuestigationem
1200 1166 1402 1221 parallaxis
1435 1166 1615 1207 exactam
1650 1177 1702 1213 ex
1734 1177 1848 1210 com-

569 1232 770 1285 paratione
802 1241 935 1271 mutua
978 1230 1217 1271 schematum
1240 1263 1251 1282 ‚
1294 1243 1394 1284 ‘quae
1435 1230 1596 1282 diuersi,
1646 1238 1684 1271 et
1733 1228 1846 1275 valde

571 1293 713 1342 distiti,
750 1293 978 1348 spect-atores
1026 1295 1066 1335 in
1099 1294 1294 1349 superficie
1342 1304 1465 1335 terrae
1497 1306 1548 1334 ex
1582 1293 1846 1335 obseruatione

571 1357 876 1411 acquifiuerunt3
911 1358 1035 1399 altera
1069 1370 1166 1398 vero
1194 1391 1204 1410 ,
1239 1358 1388 1398 inuenta
1422 1357 1604 1411 parallaxi
1626 1390 1637 1409 ‚
1687 1368 1851 1398 concer-

578 1419 636 1458 nit
668 1421 1020 1458 transmutationem
1057 1422 1213 1459 cuiusuis
1242 1434 1294 1459 ex
1324 1422 1399 1460 istis
1428 1421 1680 1460 schematibus
1713 1421 1751 1459 in
1794 1429 1853 1458 ta-

576 1482 612 1522 le
646 1479 796 1520 schema
816 1513 829 1534 ,
872 1481 980 1534 quale
1013 1480 1238 1520 obseruatori
1273 1484 1311 1520 in
1345 1492 1477 1520 centro
1513 1490 1632 1521 terrae
1667 1481 1850 1521 constitu-

579 1555 623 1584 to
657 1553 883 1596 competere
915 1544 1041 1583 debet.
1141 1543 1379 1583 Postremum
1400 1574 1414 1596 ‚
1467 1552 1509 1582 vt
1542 1545 1580 1583 in
1623 1544 1853 1596 sequentibus

578 1606 734 1647 breuior
768 1606 974 1659 explicatio
1005 1607 1132 1646 locum
1167 1604 1304 1645 habeat
1328 1636 1341 1658 ‚
1381 1601 1539 1656 schema
1590 1606 1646 1646 ad
1690 1613 1854 1646 centrum

576 1677 740 1723 ferrar,
782 1670 1080 1723 vnumquodque
1137 1680 1233 1709 vero
1266 1680 1316 1708 ex
1346 1668 1444 1718 illis,
1462 1667 1621 1721 schema
1652 1664 1857 1722 olgseruato-

577 1736 664 1781 ris,
717 1732 862 1773 aniceta
909 1733 983 1772 loci
1036 1732 1309 1772 obseruationis
1360 1732 1673 1787 significatione,
1721 1746 1762 1774 v.
1815 1746 1852 1775 c.

581 1797 799 1852 Lipstenzs,
833 1797 1067 1837 vocabimus.
1135 1797 1290 1837 Ambae
1322 1796 1556 1848 quaestiones
1585 1808 1687 1836 nexu
1719 1805 1855 1838 mutuo

581 1862 795 1914 admodum
829 1860 906 1901 sunt
952 1859 1196 1915 implicitae,
1247 1860 1273 1899 fi
1307 1860 1344 1899 in
1388 1860 1505 1913 priori
1552 1860 1857 1902 circumstantia-

582 1937 669 1965 rum
704 1925 803 1964 ratio
836 1924 1044 1972 habeatur,
1096 1936 1190 1978 quae
1222 1922 1494 1964 exactiffimam
1539 1923 1734 1978 parallaxis
1782 1936 1855 1965 co-

582 1989 799 2040 gnitionem
833 1989 1063 2042 pollicentur
1083 2019 1095 2038 ,
1145 1989 1197 2027 ita
1219 2020 1230 2039 ,
1264 1996 1306 2026 vt
1342 1988 1449 2039 prior
1479 1988 1640 2042 quaestio
1670 1987 1856 2042 posterio-

586 2062 668 2090 rem
692 2079 702 2098 ‚
730 2051 833 2090 cuius
863 2063 992 2092 tamen
1023 2051 1196 2091 solutioni
1232 2051 1298 2091 ista
1331 2050 1506 2091 interuire
1539 2052 1684 2103 debet,
1714 2061 1755 2094 vt
1787 2064 1871 2094 co·-

586 2115 734 2166 gnitmn
762 2143 774 2162 ,
805 2116 987 2155 continuo
1018 2115 1308 2169 praesupponat.
1393 2115 1554 2156 Interim
1590 2129 1611 2156 a
1645 2116 1751 2158 dietis
1781 2117 1858 2158 cit·-

584 2176 818 2218 cumstantiis
859 2180 1114 2221 recedendum
1161 2191 1245 2223 non
1286 2176 1344 2220 est
1366 2210 1380 2233 ,
1428 2179 1496 2223 nifi
1545 2179 1623 2221 fine
1670 2189 1858 2234 exoptato

1746 2253 1854 2284 exct-
