1972 2652
601 158 719 212 »34³3
751 157 768 208 (
803 167 830 201 0
861 157 876 211 )
903 156 1020 209 ἓὶεέω
1363 168 1450 211 179>

540 268 1096 314 DEMONSTRATIO

191 346 251 407 T
261 345 805 410 HEOREMATIS
849 344 1449 408 BERNOVLLIANI

191 444 376 502 QVOD
426 445 515 488 EX
564 445 1004 487 EVOLVTIONE
1047 443 1310 488 CVRVAE
1358 441 1457 483 CV·

191 514 580 573 IVSCVNQVE
627 514 1131 560 RECTANGVLAE
1181 515 1249 558 IN
1300 512 1456 556 INFI-

244 588 466 632 NITVM
495 587 947 633 CONTINVATA
980 589 1271 631 TANDEM
1306 586 1412 629 CY-

447 658 734 705 CLOIDES
766 657 1202 703 NASCANTVR.

692 787 944 829 Aud'tore

559 890 611 933 L.
678 891 716 934 E
748 889 855 936 VL
889 892 926 934 E
958 892 995 935 R
1029 891 1082 935 Ο.

192 1088 328 1206 Inter
361 1095 450 1139 alias
481 1096 642 1150 insignes
674 1097 923 1152 proprietates
945 1122 958 1146 ‚
1005 1097 1134 1152 quibus
1170 1109 1279 1140 curua
1311 1095 1466 1151 Cyclois

279 1175 365 1203 cum
401 1162 438 1202 in
472 1162 811 1212 Meclianica‚uim
847 1162 886 1199 in
921 1158 1165 1214 Cemetria,
1199 1165 1372 1213 eminet,
1404 1175 1467 1204 ra-

192 1228 251 1268 tio
284 1226 508 1267 euolutionis
538 1224 634 1264 haud
670 1224 906 1276 postremum
942 1224 1071 1264 locum
1106 1238 1232 1265 tenire
1283 1226 1466 1268 censenda

192 1291 263 1345 est,
297 1303 365 1344 qua
397 1288 559 1338 constat,
591 1286 783 1327 euolutam
819 1288 1000 1337 cycloidiffi
1039 1290 1172 1328 iterum
1207 1289 1279 1329 effe
1318 1290 1466 1341 cycloi-

192 1355 299 1395 dem.
369 1352 532 1408 Quando
563 1364 653 1404 ergo
685 1351 791 1390 series
824 1364 928 1390 curu·
961 1366 1019 1390 „¹112
1057 1352 1335 1404 consideratur,
1374 1365 1467 1406 qua-

192 1429 278 1458 rum
311 1417 494 1470 quaelibet
527 1415 784 1470 praecedentis
816 1415 869 1455 est
903 1415 1085 1466 euoluta,
1138 1416 1164 1457 si
1210 1430 1282 1458 vna
1331 1429 1465 1457 earum

191 1480 303 1520 fuerit
336 1481 476 1532 cyclois
504 1513 514 1532 ,
561 1492 693 1520 omnes
725 1483 915 1532 sequentes
955 1493 1101 1534 quoque
1153 1481 1345 1532 cycloides
1396 1482 1466 1521 sint

192 1543 337 1584 neceffe
373 1544 458 1598 est3
499 1544 544 1584 de
594 1544 901 1584 antecedentibus
951 1555 1077 1584 autem
1131 1547 1231 1585 idem
1286 1546 1465 1584 iudicium

194 1618 272 1645 non
307 1606 406 1647 valet
427 1637 439 1657 ,
491 1618 579 1647 cum
621 1619 672 1646 ex
702 1611 835 1647 eadem
869 1613 982 1648 ‘curua
1015 1621 1081 1661 per
1112 1609 1369 1648 euolutionem
1406 1609 1467 1647 in-

195 1668 324 1710 finitae
353 1682 484 1710 curuae
514 1670 675 1709 diuersae
707 1671 879 1722 generari
897 1681 1049 1723 queant,
1078 1683 1170 1724 quae
1204 1683 1340 1710 omnes
1358 1683 1464 1712 com-

196 1731 306 1774 muni
337 1732 486 1773 euoluta
520 1741 667 1772 vtentes
697 1732 764 1774 fibi
797 1733 998 1786 parallelae
1029 1734 1237 1774 existimari
1268 1734 1402 1776 solent.

272 1883 276 1886 ·
315 1850 573 1907 ”Huiusmodi
608 1874 736 1907 autem
779 1879 975 1909 cumarum
1020 1868 1148 1910 seriem
1202 1866 1332 1909 Celeb,
1381 1866 1464 1910 Iob.

198 1929 382 1972 Barnoulli
433 1930 579 1970 inuerso
619 1930 750 1970 ordine
783 1932 880 1972 olim
916 1932 967 1973 est
997 1933 1290 1987 contemplatus,
1339 1934 1388 1974 ita
1425 1943 1466 1974 vt

201 1995 390 2048 quaelibet
423 1994 603 2047 sequentis
635 1994 678 2036 sit
708 1995 859 2036 euoluta
881 2029 891 2048 ,
924 2006 1034 2050 atque
1065 2009 1114 2037 ex
1145 1997 1364 2038 euolutione
1397 2010 1465 2038 an-

202 2059 407 2099 tecedentis
439 2058 617 2099 nascatur.
700 2057 764 2100 De
798 2058 863 2100 tali
896 2061 972 2101 iam
1004 2073 1202 2103 curuarum
1236 2061 1326 2103 serie
1360 2061 1468 2102 affir-

198 2132 400 2176 manerat,
438 2122 466 2165 fi
498 2123 672 2178 primum
702 2122 830 2165 locum
856 2133 1024 2181 occupet
1062 2138 1175 2169 curua
1224 2137 1466 2181 quaecunque

791 2186 830 2230 Z
861 2201 886 2227 2
1310 2189 1465 2231 testan-
