1972 2652
313 209 1088 263 METEOROLOG'ICAE.
1242 226 1325 265 371

221 330 403 375 Altitudo
468 331 631 373 minima
695 330 876 372 comitata
932 326 992 369 his
1045 325 1332 367 circumstantiis

76 393 170 439 fuit:
205 396 552 437 Thermometrum
585 394 813 436 monstrabat
852 395 950 444 146.
1014 389 1158 431 Ventus
1186 402 1236 431 ex
1264 403 1331 431 oe-

73 462 219 502 cidente
266 461 425 514 spirabat
473 458 722 501 vehementia
774 471 797 508 3
823 490 834 509 ‚
873 468 969 511 quae
1000 454 1089 494 dein
1121 453 1230 494 aneta
1263 453 1328 494 est.

74 521 152 565 Die
182 524 413 565 antecedenti
447 532 580 564 ventus
617 532 697 562 erat
734 518 796 566 83
828 552 839 570 ,
869 529 906 560 et
945 518 1105 572 sequenti
1134 516 1180 556 ad
1216 516 1334 557 meri-

73 587 179 629 diem
213 599 329 641 vsque
359 586 471 629 NW
483 596 527 636 3,
562 586 734 639 sequente
764 584 909 637 vesperi
938 592 978 622 et
1008 581 1122 621 noete
1151 578 1334 633 tranquil-

72 650 193 703 litate,
222 652 282 690 seu
314 650 366 689 V.
389 660 463 690 00.

219 712 388 755 Coelum
421 721 502 753 erat
533 710 741 765 pluuiosum
762 741 774 761 ,
822 708 879 749 vti
910 719 1057 762 quoque
1089 707 1153 747 die
1186 718 1331 748 antece.

73 774 191 816 denti.
259 776 384 817 Pluuia
417 774 563 828 delapsa
594 784 672 814 erat
692 785 746 812 z:
766 772 858 824 poll.
888 786 927 812 1.
950 772 1013 812 lin.
1046 783 1078 809 ι.
1104 770 1210 810 Paris.
1248 770 1333 810 Post

73 835 278 879 meridiem
319 838 444 892 pluuia
486 836 560 877 niui
600 837 720 877 mixta
764 835 910 876 cecidit.
964 832 1074 874 Circa
1093 834 1135 874 h.
1159 847 1201 884 4.
1224 844 1332 886 p.m.

71 899 209 942 Neuae
241 912 357 953 aquae
389 900 537 942 altiores
568 897 649 940 fieri
692 911 884 953 coepere,
934 898 972 939 id
1013 900 1114 951 quod
1165 898 1212 937 ad
1246 908 1332 936 me-

72 963 175 1004 diam
227 963 383 1005 noctem
431 963 680 1004 continuauit.
776 962 872 1003 Dies
905 962 1053 1014 sequens
1086 960 1172 1016 post
1212 959 1336 1000 meri-

72 1027 173 1067 diem
204 1027 347 1068 serenus
377 1026 491 1068 faetus
522 1027 586 1067 est.
683 1025 956 1067 Barometrum
989 1025 1037 1065 ab
1087 1025 1159 1065 hac
1209 1023 1334 1063 altitu-

72 1089 158 1130 dine
191 1103 304 1144 parua
335 1090 529 1131 celerrime
563 1088 785 1129 adscendere
817 1089 946 1140 coepit
965 1119 976 1138 ,
1006 1087 1054 1126 ita
1087 1096 1131 1126 vt
1162 1086 1208 1125 ab
1225 1084 1266 1124 h.
1290 1095 1333 1132 7.

71 1164 106 1192 a.
147 1164 202 1192 m.
245 1153 291 1193 ad
333 1153 374 1193 h.
410 1156 456 1202 3}
485 1164 524 1206 p.
558 1163 616 1192 m.
651 1152 696 1191 ad
734 1163 801 1199 27.
820 1162 891 1190 00.
926 1157 964 1189 et
995 1161 1110 1203 vsque
1143 1149 1189 1188 ad
1224 1148 1264 1187 h.
1288 1157 1332 1196 7.

70 1215 255 1269 sequentis
287 1216 362 1256 diei
398 1225 503 1264 27.3
515 1224 554 1266 5,
585 1223 623 1252 et
655 1214 746 1252 hinc
780 1222 959 1266 tempore
993 1224 1052 1262 24
1077 1211 1253 1252 horarum
1285 1213 1335 1257 1⁶3¹,

71 1291 124 1319 Ξ
142 1278 203 1318 lin⁴
227 1282 273 1329 7}
303 1278 392 1318 fere.
454 1274 564 1317 Solet
593 1276 844 1329 vtplurimum
878 1276 962 1329 post
995 1274 1262 1329 tempestatem
1291 1281 1333 1313 et

71 1343 253 1394 exiguam
293 1340 533 1381 altitudinem
573 1339 865 1379 barometricam
909 1339 1095 1378 eiusmodi
1146 1334 1334 1375 adscensus

71 1404 232 1444 celerior
263 1413 302 1444 et
335 1407 429 1444 aeris
469 1403 713 1456 tranquillitas
745 1402 859 1455 sequi..

202 1467 270 1507 Ad
314 1465 536 1507 differentias
582 1466 816 1507 altitudinum
869 1463 1077 1505 barometti
1128 1464 1333 1506 menstruas

69 1529 170 1581 quod
204 1530 339 1583 attinet
362 1561 375 1582 ,
407 1529 513 1570 facile
549 1529 798 1583 conspicitur,
828 1538 866 1568 et
900 1528 972 1568 hoc
1009 1540 1107 1567 anno
1140 1528 1265 1582 legem
1287 1527 1333 1568 il-

69 1590 143 1632 lam
176 1592 308 1632 seruari
330 1624 342 1642 ‚
373 1591 572 1632 secundum
615 1605 731 1644 quarn
783 1592 1007 1631 variationes
1054 1590 1332 1631 barometricae

71 1654 208 1706 primis
235 1663 274 1692 et
306 1653 465 1702 vltimis,
497 1666 610 1707 quam
647 1655 799 1703 medin,
828 1653 1015 1693 mensibus
1059 1655 1221 1692 maiores
1259 1651 1332 1691 effe

68 1714 201 1756 solent.
253 1714 433 1755 Maxima
466 1717 621 1756 variatio
656 1717 842 1758 menstrua
873 1716 1034 1768 contigit
1063 1718 1189 1755 meuse
1207 1714 1334 1755 Osto-

73 1778 131 1819 bri
171 1783 303 1827 1.78,
337 1778 494 1818 minima
526 1781 576 1826 4⁵35
616 1783 742 1819 menie
782 1779 908 1819 lunio.
1003 1778 1175 1819 variatio
1214 1788 1334 1818 annua

73 1841 126 1881 est
159 1847 354 1892 :1.84.
400 1853 537 1895 parum
589 1841 729 1882 diuersa
759 1855 780 1881 a
816 1841 999 1882 menstrua
1030 1843 1165 1882 mensis
1204 1838 1334 1898 0303

75 1904 164 1955 bris,
195 1905 330 1944 scilicet
359 1914 506 1945 tantum
538 1906 660 1945 maior
678 1909 738 1953 535.
803 1906 935 1963 Quum
968 1905 1125 1945 variatio
1156 1905 1334 1944 barome-

77 1969 169 2009 trica
200 1969 378 2009 omnium
410 1968 584 2008 maxima
617 1967 679 2009 hic
713 1969 785 2008 loci
818 1970 858 2008 iit
896 1978 1019 2018 2‚71.
1051 1968 1192 2022 superat
1237 1967 1334 2008 haec

78 2032 323 2072 variationem
355 2031 460 2072 huius
477 2032 564 2072 anni
597 2036 660 2079 ³2⁷5.
681 2033 850 2086 adeoque
868 2042 995 2072 manet
1014 2030 1134 2071 adhuc
1152 2032 1332 2071 omnium

78 2093 139 2134 hic
173 2094 248 2135 loci
283 2095 452 2135 maxima
472 2127 483 2147 ,
513 2097 570 2136 seu
602 2094 761 2149 spatium
805 2096 1057 2136 variationum
1104 2093 1335 2134 barometti-

77 2168 205 2200 earum
242 2159 479 2201 maximum.
559 2158 665 2200 Haec
699 2159 876 2202 haetenus
925 2159 971 2200 de
1018 2156 1334 2200 obseruationibus

122 2218 146 2277 Χ
631 2224 668 2264 Α
689 2236 708 2265 a
728 2236 749 2263 a
782 2235 806 2261 2
1220 2220 1333 2259 bama
