1972 2652
597 218 662 268 56„
936 207 1491 255 ELEMENTA

595 326 971 387 Elementa
1027 320 1305 381 Calculi
1350 321 1857 380 Variationum.

998 453 1352 538 Hypothefis
1406 480 1449 514 1.

1207 589 1244 619 1.

586 671 771 787 Detur
806 679 902 721 inter
933 677 1135 720 variabiles
1177 679 1282 721 binas
1328 692 1357 721 x
1388 687 1428 720 et
1444 692 1478 733 y
1530 678 1703 733 aequatio
1748 689 1863 734 quae-

723 755 900 796 cunque,
929 755 1005 794 qua
1039 754 1168 785 earum
1220 743 1355 783 relatio
1407 753 1537 784 mutua
1588 744 1863 798 exprimatur,

587 809 642 850 ita
675 816 715 848 vt
747 807 833 846 inde
885 806 1091 858 quicunque
1121 804 1228 845 valor
1258 806 1528 846 determinatus
1558 807 1626 860 ipfi
1658 820 1686 849 x
1722 807 1862 848 tribua-

591 879 678 924 tur,
711 870 819 912 valor
851 880 1005 924 quoque
1037 868 1305 910 determinatus
1336 881 1405 923 pro
1424 882 1457 919 y
1489 868 1702 910 definiatur.

1013 990 1285 1050 Coroll.
1376 1015 1418 1051 1.

747 1124 788 1154 2.
821 1111 1017 1165 Proposita
1051 1124 1147 1165 ergo
1180 1111 1401 1164 aequatione
1435 1110 1532 1149 inter
1581 1109 1687 1150 binas
1736 1110 1861 1151 varia-

588 1176 685 1220 biles
716 1188 747 1219 x
786 1184 825 1216 et
845 1189 877 1228 y
898 1206 910 1226 ‚
962 1175 1110 1227 singulis
1162 1175 1352 1214 valoribus
1403 1173 1513 1227 ipsius
1544 1186 1600 1226 x,
1652 1174 1860 1228 quicunque

589 1241 746 1294 concipi
779 1241 960 1294 possunt,
993 1237 1237 1278 determinati
1269 1237 1416 1276 vulores
1449 1237 1559 1290 ipfius
1573 1251 1609 1289 y
1660 1239 1859 1291 responde-

590 1303 697 1346 bunt.

1030 1367 1082 1425 C
1097 1386 1133 1426 o
1146 1387 1219 1426 ro
1232 1368 1247 1425 l
1261 1368 1294 1425 l.
1384 1388 1433 1426 2.

746 1506 789 1543 3.
820 1489 873 1530 Vi
908 1501 1002 1542 ergo
1043 1488 1140 1529 istius
1181 1488 1413 1542 aequationis
1464 1489 1682 1542 propositae
1733 1490 1805 1531 erit
1825 1503 1859 1542 y

596 1563 702 1597 certa
752 1555 933 1610 quaedam
984 1551 1128 1593 funciio
1178 1553 1288 1606 ipsius
1340 1564 1398 1602 x,
1447 1562 1485 1591 et
1533 1555 1860 1606 quemadmodum

591 1620 659 1674 ipsi
692 1632 719 1660 x
753 1618 953 1672 respondet
971 1630 1040 1668 y,
1078 1616 1127 1655 ita
1160 1617 1261 1657 illius
1295 1616 1414 1655 valoti
1449 1618 1610 1669 sequenti
1645 1619 1865 1668 x':x÷dx,

591 1683 832 1736 respondebit
853 1680 1136 1733 y‘3y—-l—dy
1157 1713 1167 1732 ,
1206 1680 1308 1720 cuius
1337 1679 1543 1721 differentia
1577 1693 1598 1719 a
1640 1682 1865 1734 praeceden-

593 1756 631 1787 te
648 1761 681 1799 y
699 1779 710 1799 ,
742 1743 983 1786 differentiale
1019 1755 1165 1796 nempe
1197 1743 1268 1795 dy,
1285 1755 1352 1797 per
1381 1742 1555 1795 vulgares
1582 1743 1862 1785 differentiandi

592 1810 737 1866 regulas
771 1808 939 1864 affignari
975 1807 1130 1862 poterit.

1034 1914 1298 1975 Coroll.
1382 1936 1431 1989 3.

750 2028 794 2063 4.
831 2009 930 2051 Cum
952 2025 984 2061 y
1018 2012 1059 2053 sit
1094 2012 1236 2052 funffio
1271 2013 1379 2068 ipsius
1411 2025 1438 2053 x
1460 2043 1470 2062 ‚
1522 2013 1638 2053 etiam
1690 1997 1745 2065 Ξ
1789 2015 1861 2054 erit

599 2077 742 2120 functio
772 2076 882 2129 ipsius
911 2086 957 2122 x,
975 2087 1040 2128 per
1073 2075 1298 2117 relationem
1336 2078 1434 2117 inter
1464 2089 1492 2116 x
1524 2086 1563 2115 et
1584 2091 1616 2127 y
1634 2078 1758 2117 datam
1778 2076 1862 2118 affi-

598 2151 791 2210 gnabili53
839 2159 880 2187 ac
911 2146 938 2188 si
983 2156 1141 2200 ponatur
1173 2132 1343 2205 ΞΞ-ῑῑρ,
1394 2149 1504 2191 limili
1539 2152 1659 2190 modo
1691 2135 1744 2203 “J—ff}
1789 2149 1859 2189 erit

1759 2222 1861 2253 certa
