1972 2652
547 235 640 284 ,με
804 227 919 269 DE
981 219 1558 269 ENTROCHIS

542 349 580 385 et
624 339 845 383 columnares
891 344 928 378 et
976 334 1161 377 trochleas
1207 333 1372 390 lapidum
1399 333 1668 377 cochleatorum
1702 338 1811 380 vnitls

539 406 766 457 eiusdemque
797 399 862 455 effi³
889 402 1039 454 originis
1061 426 1073 450 ‚
1123 401 1151 440 i.
1187 412 1219 440 e.
1253 399 1528 442 articulationes
1549 400 1716 454 strigulus
1749 399 1815 442 vel

541 474 774 523 aggregatas
799 464 1034 521 petrefac‘ias
1059 462 1183 519 petioli
1204 463 1337 516 stellae
1386 464 1576 506 cuiusdam
1626 466 1811 506 marinae.

543 534 749 583 Rationes,
783 541 875 583 quae
910 541 973 569 me
1008 528 1115 569 huius
1161 528 1359 568 sententiae
1409 528 1548 569 faciunt
1599 530 1818 582 certiorem,

544 596 579 644 §.
622 605 659 642 5.
697 596 738 632 6.
780 597 820 635 8.
857 592 1036 646 exposui,
1066 600 1106 632 et
1140 589 1227 630 ideo
1259 591 1569 645 superuacaneum
1603 591 1722 644 foret,
1756 603 1817 633 eas

542 668 727 712 repetere.
825 655 1047 698 Dicendum
1095 666 1194 695 nunc
1242 656 1340 710 erit,
1394 656 1585 696 vodenam
1627 653 1814 695 diuersitas

542 721 763 764 Entrochos
795 721 889 760 inter
921 728 960 759 et
992 717 1179 759 trochleas
1212 718 1430 771 petrefac'tas
1465 720 1618 761 oriatur.
1706 718 1814 760 Haec

543 786 731 827 diuersitas
763 784 803 824 in
834 783 1133 836 subsequentibus
1165 782 1351 824 consistit:

663 870 705 917 α)
739 864 949 917 Lamellae‚
983 862 1045 902 vel
1075 860 1223 901 Trochi
1258 860 1543 902 Entrochorum
1578 869 1618 901 et
1649 859 1817 902 Asteria-

544 941 630 971 rum
663 929 850 970 craffiores
881 930 962 969 (unt
994 925 1154 967 lamellis
1184 924 1453 965 trochlearum.

662 1013 709 1072 β)
743 1014 892 1056 Trochi
924 1024 962 1055 et
997 1011 1184 1054 Eutrochi
1214 1024 1292 1053 non
1326 1013 1451 1053 minus
1492 1022 1606 1065 quam
1648 1011 1820 1053 Asteriae

543 1079 709 1132 Vndique
743 1078 889 1132 aequali
919 1078 1082 1130 gaudent
1120 1074 1312 1130 crassitie,
1366 1075 1558 1116 trochleae
1601 1087 1679 1116 non
1731 1086 1819 1115 raro

544 1140 667 1182 versus
719 1153 835 1182 axem
872 1140 954 1180 satis
995 1139 1153 1190 crassae,
1183 1139 1307 1178 versus
1337 1140 1554 1191 marginem
1585 1137 1820 1178 tenuiffimae

547 1206 795 1246 obseruantur.
1668 1207 1672 1211 ’

664 1297 723 1350 γ)
756 1294 907 1336 Trochi
940 1293 979 1335 in
1012 1292 1221 1334 Eutrochis
1261 1301 1300 1333 et
1342 1291 1499 1334 Asteriis
1538 1293 1820 1335 columnatibus

547 1359 778 1400 immediate
811 1359 845 1398 se
877 1359 1037 1397 inuicem
1071 1367 1257 1409 tangunt,
1300 1356 1353 1396 ita
1388 1366 1431 1397 vt
1466 1358 1564 1401 nulla
1600 1359 1716 1412 spatia
1746 1366 1819 1397 va-

549 1433 616 1462 cua
650 1420 874 1459 intermedia
905 1419 1143 1457 obseruentur
1162 1449 1173 1467 ,
1209 1418 1403 1458 trochleae
1436 1430 1568 1460 contra
1601 1433 1622 1460 a
1656 1423 1691 1460 (e
1725 1419 1825 1459 inui-

550 1496 637 1525 cem
671 1482 832 1531 distant,
883 1490 920 1521 et
954 1480 1177 1534 plerumque
1210 1491 1286 1518 non
1320 1480 1387 1518 nisi
1420 1483 1614 1520 mediante
1654 1493 1726 1521 axe
1763 1480 1820 1519 in-

551 1548 676 1587 vicem
709 1545 924 1585 cohaerent.

666 1636 711 1693 ὃ)
751 1636 958 1691 Nunquam
992 1635 1182 1677 trochleae
1215 1636 1425 1690 perforatae
1463 1635 1557 1675 vitae
1595 1637 1705 1685 sunt,
1741 1644 1821 1675 tro-

551 1702 616 1744 chi
649 1702 877 1756 complures.

703 1796 767 1837 Ad
802 1797 968 1849 primam
1004 1805 1043 1836 et
1071 1794 1268 1835 secundam
1304 1795 1418 1848 igitur
1450 1792 1698 1834 differentiam
1722 1795 1823 1849 quod

553 1862 686 1902 attinet
706 1894 716 1910 ‚
756 1860 968 1913 negandum
1005 1860 1170 1899 omnino
1203 1871 1280 1899 non
1316 1860 1399 1910 est,
1442 1858 1596 1910 graciles
1628 1868 1665 1897 et
1697 1868 1824 1899 tenues

555 1923 701 1976 semper
734 1925 917 1964 obseruari
953 1923 1118 1964 lamellas
1150 1922 1405 1962 trochlearum
1426 1953 1437 1972 ‚
1472 1922 1574 1961 cuius
1605 1929 1733 1962 tamen
1768 1922 1823 1962 rel

556 1988 656 2026 causa
688 1988 723 2025 in
757 1987 927 2027 erosione
962 1997 1001 2026 et
1033 1986 1281 2026 destructione
1310 1986 1519 2037 quaerenda
1559 1984 1612 2024 est
1631 2014 1642 2029 ,
1681 1997 1824 2039 nempe

558 2050 597 2092 hi
634 2049 821 2088 Entrochi
856 2049 1046 2102 petrefiie‘ti
1083 2060 1159 2088 non
1191 2058 1334 2087 tantum
1368 2047 1532 2100 resperstu
1564 2049 1741 2088 diametri
1774 2048 1826 2089 sui

559 2111 806 2152 horizontalis
837 2124 967 2152 verum
1001 2123 1149 2167 qnoque
1180 2111 1512 2164 perpendicularis,
1531 2110 1737 2151 erofionem
1758 2125 1822 2166 pa-

560 2176 713 2215 tiuntur.
765 2173 868 2214 Haec
895 2176 1013 2216 erosio
1041 2188 1138 2216 nnnc
1169 2175 1334 2229 partibus
1363 2174 1481 2216 salino
1497 2175 1636 2229 acidis,
1673 2175 1712 2215 in
1746 2177 1823 2215 non

1720 2237 1825 2278 nullis
