1972 2652
602 236 685 273 182
838 228 1658 279 DEMONSTRATIO.

1176 345 1268 387 VII.

745 413 787 458 Si
835 415 881 455 ad
935 417 1111 459 ordinem
1162 419 1299 462 harum
1349 433 1545 462 curuarum
1594 415 1862 465 attendamu52

592 480 829 522 manifestum
863 480 913 520 est
937 513 947 531 ,
980 492 1128 524 tertiam
1156 510 1167 532 ‚
1213 485 1382 536 quintam
1404 518 1414 537 ‚
1450 486 1648 539 septimum
1671 515 1680 529 ‚
1715 497 1861 525 nonam

590 554 667 585 etc.
721 557 853 597 parem
907 544 1019 585 situm
1072 545 1234 599 resprc'tu
1286 548 1546 601 parallelarum
1597 547 1676 589 BE
1708 558 1748 587 et
1782 545 1860 589 CF

591 618 719 649 tenere
752 618 862 662 atque
898 612 1064 661 primum
1119 609 1297 663 AMB,
1356 612 1446 652 dnm
1496 612 1729 664 superiorem
1781 609 1861 652 BE

591 681 752 725 tangunt
775 703 787 723 ‚
823 671 990 712 inferiori
1020 685 1114 714 vero
1149 671 1225 714 CF
1268 675 1628 729 perpendiculariter
1676 673 1857 715 insistunt.

592 733 740 776 Contra
772 748 866 776 vero
898 735 1044 776 secunda
1064 768 1075 787 ‚
1126 747 1253 790 quarta
1273 769 1283 788 ‚
1318 738 1419 778 sexta
1442 771 1453 790 ,
1487 738 1622 779 oetaua
1642 766 1654 790 ,
1689 748 1761 779 etc.
1796 738 1864 779 fitu

590 799 740 843 'uiuerso
772 799 913 839 rec'tam
947 799 1165 840 inferiorem
1201 798 1275 840 CF
1311 809 1498 853 tangunt,
1540 802 1585 842 ad
1631 802 1862 855 superiorem

591 874 687 902 vero
720 860 804 903 BE
839 862 916 902 sunt
947 864 1286 916 perpendiculares.
1384 863 1616 905 Alternatim
1658 876 1750 918 ergo
1787 863 1861 905 hae

591 938 723 967 cumae
759 926 866 967 situm
899 934 1030 967 tenent
1063 927 1233 968 ‹er-‘edium
1269 936 1308 968 et
1341 925 1544 967 inuersum.

1169 1016 1286 1058 VIII.

738 1086 839 1127 Hinc
886 1086 964 1127 iam
1018 1100 1096 1128 non
1147 1088 1225 1128 leue
1272 1096 1539 1141 argumentum
1590 1097 1662 1139 pro
1701 1087 1863 1128 veritate

591 1149 870 1191 Theorematis
921 1151 1158 1204 assequimur.
1228 1149 1268 1191 Si
1304 1152 1407 1191 enim
1458 1151 1498 1190 in
1551 1149 1619 1190 hac
1663 1162 1862 1192 curuarum

590 1216 681 1255 serie
715 1226 799 1254 eam
820 1246 831 1265 ‚
882 1216 989 1254 cuius
1038 1214 1138 1253 ordo
1180 1226 1199 1254 a
1238 1216 1360 1266 prima
1396 1225 1558 1254 numero
1588 1225 1612 1253 n
1644 1213 1828 1254 indicatur
1852 1247 1864 1268 ,

590 1289 781 1333 ponamus
833 1276 893 1319 P,
943 1277 1158 1329 sequentem
1215 1276 1284 1331 Q,
1335 1276 1506 1329 hancque
1544 1278 1755 1330 sequentem
1792 1279 1864 1331 R,

590 1342 761 1380 indicem
796 1351 820 1379 n
850 1352 945 1379 vero
976 1338 1171 1379 infinitum
1203 1340 1465 1392 affumamm3
1516 1341 1694 1392 quoniam
1729 1352 1863 1382 curuae

591 1402 621 1443 P
653 1412 693 1441 et
728 1402 764 1443 R
797 1403 933 1442 ambae
965 1414 986 1441 a
1022 1403 1215 1456 principio
1253 1401 1398 1442 infinite
1438 1402 1571 1442 distant
1596 1433 1609 1455 ,
1658 1414 1862 1455 paremque

591 1465 703 1507 situm
737 1466 830 1505 inter
865 1464 1057 1519 parallelas
1089 1465 1263 1514 seruant,
1307 1467 1353 1506 ad
1390 1466 1556 1518 primam
1590 1476 1739 1517 qnoque
1772 1478 1858 1505 ean-

593 1529 682 1568 dem
718 1528 934 1568 relationem
971 1538 1121 1580 tenere,
1153 1529 1314 1583 ideoque
1350 1529 1445 1568 inter
1479 1526 1513 1566 se
1565 1527 1733 1579 aequales
1784 1528 1860 1568 effe

593 1590 745 1631 debent.
780 1591 847 1632 Ex
879 1604 954 1644 quo
974 1602 1173 1645 Vtramque
1206 1592 1418 1644 cycloidem
1452 1589 1526 1630 effe
1556 1590 1693 1631 debere
1736 1593 1858 1632 mani.

591 1653 683 1694 festo
717 1655 895 1708 sequitur,
931 1655 1031 1694 vnde
1061 1665 1098 1694 et
1132 1655 1296 1709 reliquae
1327 1654 1542 1696 interiectae
1575 1662 1684 1694 erunt
1717 1654 1860 1706 cycloi-

592 1717 658 1759 des
685 1716 754 1765 situ
787 1719 934 1759 inuerso
965 1717 1118 1773 positae.

1189 1799 1267 1841 IX.

730 1872 861 1914 Obiici
892 1882 1020 1914 autem
1056 1887 1133 1918 non
1169 1874 1243 1914 fine
1277 1871 1422 1925 ingenti
1457 1871 1536 1913 veri
1571 1869 1694 1925 specie
1720 1870 1860 1925 potest,

596 1935 697 1989 quod
744 1937 771 1976 fi
821 1949 955 1978 curuae
1005 1937 1266 1978 infinitesimae
1313 1937 1452 1976 fuerint
1501 1936 1721 1987 cycloides,
1773 1942 1857 1975 tum

595 2011 732 2040 omnes
781 2003 1089 2052 praecedentium
1137 1996 1276 2055 puriter
1314 2000 1506 2050 cycloides
1537 1997 1614 2039 effe
1646 1999 1858 2051 deberent,

594 2075 716 2117 neque
750 2062 863 2115 igitur
895 2066 1062 2115 primum
1096 2065 1224 2106 locum
1260 2076 1369 2104 curua
1400 2075 1637 2116 quaecunque
1678 2072 1858 2115 occupate

597 2125 737 2180 posset.
801 2125 944 2166 Verum
979 2129 1024 2167 ad
1058 2128 1155 2169 hanc
1195 2127 1455 2168 objectionem
1508 2126 1612 2167 filcile
1660 2120 1855 2179 responde-

599 2198 657 2231 tur
678 2217 691 2243 ‚
727 2201 852 2230 curuas
883 2188 1142 2232 infinitesimas
1174 2193 1225 2233 ita
1257 2191 1480 2235 considerari
1514 2199 1693 2243 oportere
1714 2219 1724 2237 ‚
1757 2185 1856 2238 quasi

1711 2248 1854 2290 infinite
