1972 2652
589 214 614 252 ⁸
1003 207 1119 267 0⁵8³}ss
1151 210 1165 270 i
1199 226 1226 255 0
1263 210 1277 270 (
1309 205 1429 264 2:03·-

585 323 712 365 ratius
750 322 1075 378 euoluerentur‚
1123 339 1297 381 quarum
1347 324 1564 377 integratio
1612 335 1684 379 per
1733 334 1847 367 arcus

588 387 672 428 fiue
704 387 908 442 ellipticos
940 389 1021 430 slue
1055 391 1336 445 hyperbolicos
1369 389 1547 443 expediri
1580 398 1713 442 queat.
1762 390 1847 431 At-

586 463 666 505 que
701 452 743 492 in
777 452 851 495 hac
885 454 1188 507 inuestigatione
1221 454 1381 496 Auctor
1418 453 1529 495 istius
1567 452 1848 495 dissertationis

587 515 798 570 imprimis
830 518 883 560 est
901 530 1144 573 occupatus,
1180 519 1467 571 summumque
1498 517 1673 559 studium
1702 526 1848 559 contu·

585 593 639 635 lit
672 597 718 635 ad
753 596 854 637 hanc
888 599 1109 640 formulam
1145 600 1385 652 integralem
1404 597 1441 654 s
1449 598 1478 638 d
1489 611 1518 640 x
1535 583 1727 651 Vsffffiss
1773 610 1850 639 ex-

586 663 815 719 plicandam
837 695 848 716 ,
882 673 1002 719 atque
1035 667 1132 707 adeo
1165 668 1212 707 ad
1247 679 1362 708 arcus
1399 667 1483 706 siue
1524 668 1724 722 ellipticos
1764 666 1848 707 fiue

587 726 875 781 hyperbolicos
907 730 1194 770 reducendam:
1229 731 1338 782 quod
1370 732 1582 780 negotium
1616 729 1754 771 multo
1770 731 1849 771 dif-

588 790 738 832 ficilius
769 792 823 833 est
843 824 855 845 ‚
888 805 1012 847 quam
1045 793 1164 835 initio
1199 793 1397 833 videatur.
1432 793 1558 833 Prout
1590 792 1700 831 enim
1720 805 1850 846 quan-

592 855 760 897 titatum
795 857 1059 898 constantium
1077 857 1114 912 f
1127 889 1138 909 ,
1161 869 1190 910 g
1225 887 1236 908 ‚
1269 856 1295 897 h
1330 865 1370 897 et
1404 855 1456 909 le,
1490 855 1588 896 aliae
1616 856 1764 898 fuerint
1782 854 1852 897 vel

592 919 790 974 posstiuae
824 920 893 962 vel
925 923 1133 975 negatiuae
1156 952 1167 973 ‚
1198 922 1305 962 casus
1349 921 1542 962 oriuntur
1594 928 1735 961 natura
1784 919 1853 960 sua

592 985 776 1024 maxime
808 987 914 1027 inter
947 986 983 1028 se
1015 987 1285 1040 discrepantes.
1358 985 1499 1027 Primo
1548 985 1660 1025 enim
1705 982 1853 1024 relatio

591 1045 698 1088 inter
732 1046 801 1089 has
833 1059 1008 1104 quatuor
1041 1051 1282 1105 quantitates
1316 1050 1371 1090 ita
1414 1049 1540 1104 potest
1573 1047 1647 1088 effe
1686 1060 1853 1102 compa-

592 1120 679 1151 :rata
701 1142 712 1162 ‚
743 1121 791 1152 vt
822 1114 1001 1155 formula
1037 1114 1241 1162 integralis
1275 1125 1417 1150 arcum
1451 1113 1650 1161 quendam
1683 1112 1766 1149 siue
1791 1111 1855 1148 el-

591 1172 789 1226 lipticum
850 1174 933 1213 siue
991 1172 1303 1226 hyperbolicum
1354 1170 1591 1222 simpliciter
1641 1171 1856 1224 exprimat.

593 1235 756 1277 Deinde
789 1234 879 1277 fieri
915 1237 1041 1290 potest
1061 1267 1072 1287 ‚
1108 1244 1155 1277 vt
1188 1232 1382 1286 integrale
1414 1233 1514 1273 binis
1540 1233 1689 1273 constet
1729 1236 1858 1287 parti-

588 1301 680 1352 bus,
699 1300 822 1341 altera
857 1300 1073 1352 algebraica
1095 1331 1107 1352 ,
1140 1298 1266 1341 altera
1304 1309 1445 1339 arcum
1494 1296 1577 1336 siue
1625 1294 1857 1349 ellipticum

595 1363 681 1402 flue
714 1361 1027 1412 hyperbolicum
1061 1360 1329 1413 exprimente.
1393 1360 1596 1401 Praeterea
1617 1373 1716 1401 vero
1732 1361 1858 1403 etiam

596 1423 797 1465 eiusmodi
827 1423 974 1463 dantur
1008 1423 1114 1463 casus
1147 1424 1289 1477 quibus
1320 1424 1515 1475 integrale
1548 1434 1695 1466 neutro
1735 1426 1861 1467 modo

597 1487 781 1530 exhiberi
817 1488 958 1540 potest,
989 1487 1049 1526 sed
1080 1494 1237 1540 praeter
1272 1496 1428 1540 partem
1463 1487 1724 1538 algebraicam
1757 1491 1860 1531 duos

600 1564 714 1596 arcus
748 1549 925 1592 alterum
960 1549 1209 1604 ellipticum‚
1243 1549 1419 1591 alterum
1450 1548 1763 1604 hyperbolicum
1795 1564 1861 1592 re-

601 1630 742 1687 quirit.
809 1629 859 1672 In
894 1629 1128 1671 traetatione
1162 1630 1289 1683 igitur
1322 1627 1522 1671 formulae
1542 1615 1863 1686 sde{‡{‡}

601 1701 655 1742 ob
687 1700 800 1740 istam
825 1701 1064 1742 varietatem
1083 1700 1243 1741 Auctor
1261 1700 1420 1741 coactus
1444 1701 1496 1742 est
1514 1700 1728 1742 duodecim
1755 1702 1865 1742 casus

604 1764 846 1806 constituere
868 1795 879 1815 ‚
912 1776 1013 1816 quos
1053 1762 1232 1812 singulos
1251 1766 1419 1815 operoso
1443 1764 1599 1806 calculo
1624 1766 1680 1806 ita
1697 1764 1863 1807 feliciter

603 1828 814 1880 expediuit
835 1855 848 1875 ‚
880 1835 929 1864 vt
962 1827 1044 1864 iam
1077 1825 1189 1864 facile
1224 1825 1300 1874 sit,
1333 1839 1591 1877 quaecunque
1625 1831 1866 1880 quantitates

604 1889 753 1932 litteris
773 1887 809 1942 f
822 1918 833 1938 ‚
857 1899 885 1940 g
907 1917 918 1937 ,
952 1885 978 1926 h
997 1918 1009 1939 ‚
1043 1886 1068 1927 k
1099 1885 1381 1938 designentur,
1399 1887 1594 1939 integrale
1612 1889 1785 1931 concessa
1801 1888 1863 1930 el·-

606 1953 775 2007 lipfium
794 1960 836 1991 et
857 1948 1175 2004 hyperbolarum
1194 1950 1481 1992 rectificatione
1497 1951 1694 2003 affignare.
1720 1952 1864 2008 Saepe-

606 2028 784 2060 numero
816 2024 953 2056 autem
985 2015 1149 2055 euenire
1183 2015 1309 2068 potest
1329 2046 1341 2067 ‚
1371 2025 1418 2056 vt
1451 2014 1649 2057 formulae
1686 2017 1888 2069 integra-⁷

608 2080 668 2123 les
698 2078 834 2122 multo
867 2080 996 2132 magis
1029 2078 1292 2133 complicatae
1326 2092 1401 2133 ope
1435 2080 1866 2122 substitutionumido-

611 2156 785 2188 nearum
819 2143 868 2186 ad
901 2142 1028 2186 talem
1058 2143 1235 2186 formam
1268 2143 1433 2199 perduci
1467 2152 1629 2199 queant,
1645 2144 1786 2199 quibus
1801 2155 1868 2184 er-

1815 2218 1874 2264 go
