1972 2652
288 243 628 294 LAPIDIS
679 243 1192 293 NEPHRITICf.
1287 264 1374 304 395

256 365 299 413 1)
333 363 470 417 Figura
502 364 640 418 gaudet
674 363 863 417 irregulari
901 363 941 404 in
976 363 1067 404 statu
1099 362 1288 419 naturali,
1341 375 1381 407 et

119 436 215 466 nunc
248 427 285 467 in
319 429 525 469 maioribus
556 440 654 469 nunc
684 428 891 469 minoribus
908 426 1134 469 craffioribus
1154 437 1215 469 aut
1235 430 1382 472 tenuio-

110 491 211 530 tibus
240 490 357 533 frustis
391 493 564 533 occurrit.

268 580 311 626 2)
345 574 515 617 Textura
550 585 593 616 vt
624 575 827 629 plurimum
862 574 997 630 gaudet
1049 574 1245 617 lamellosa
1266 608 1276 628 ‚
1328 576 1385 618 la-

92 637 235 679 menis
269 650 366 679 nunc
400 639 586 692 parallelis
618 639 867 693 vtplurimum
891 670 903 690 ‚
958 651 1231 692 nonnunquam
1266 650 1381 681 trans-

113 702 228 742 versis
258 731 271 752 ,
317 702 383 742 fibi
416 703 580 743 inuicem
613 702 918 742 incumbentibus
937 732 949 753 ,
997 711 1036 741 et
1067 702 1107 741 in
1138 714 1188 742 eo
1218 703 1266 743 ab
1308 704 1384 744 As·

113 763 205 804 besti
239 765 428 805 cuiusdam
463 767 591 806 viridis
621 766 740 818 specie
773 766 924 816 differt,
973 765 1036 817 qui
1069 776 1121 805 ex
1172 768 1286 807 meris
1335 767 1386 808 fi-

112 826 184 865 bris
216 836 256 865 et
289 826 489 868 filamentis
522 837 725 867 contextus
757 829 829 880 est,
863 837 1053 869 caeterum
1088 828 1290 884 polituram
1320 830 1381 872 ad-

112 899 282 930 mittens.

265 970 309 1027 3)
343 970 487 1014 Colore
520 985 657 1015 omnes
691 975 853 1028 gaudent
883 974 1014 1024 viridi,
1035 988 1136 1016 nunc
1158 974 1386 1030 obscuriore,

113 1045 210 1075 nunc
242 1036 451 1090 dilutiore,
504 1039 695 1079 interdum
730 1039 779 1080 ad
833 1039 976 1081 flauum
1010 1040 1227 1082 inclinante.
1293 1042 1386 1100 Quo

112 1099 299 1152 puriores,
332 1114 380 1140 eo
414 1102 624 1142 viridiores.

262 1180 306 1233 4)
357 1181 583 1236 Diaphanos
633 1194 825 1236 nunquam
880 1183 1009 1224 videre
1063 1183 1160 1226 mihi
1211 1185 1387 1239 contigit.

112 1241 425 1299 Semidiaphanos
456 1247 652 1300 plerosque
687 1246 875 1287 obseruaui
902 1277 915 1301 ‚
965 1247 992 1287 si
1026 1247 1066 1288 in
1117 1258 1244 1290 tenues
1294 1250 1386 1292 scin-

109 1308 247 1350 dantur
278 1309 444 1350 lamellas
477 1319 514 1348 et
547 1309 751 1361 poliantur.

264 1393 306 1439 5)
338 1385 515 1439 Contuli,
548 1388 586 1427 in
623 1389 817 1442 puluerem
850 1390 1024 1442 gryseurn
1060 1390 1211 1440 abeunt.

261 1476 304 1523 6)
340 1472 432 1525 Igne
467 1475 587 1526 magis
628 1475 884 1526 indurescunt,
918 1485 958 1517 et
1007 1475 1138 1518 colore
1189 1477 1252 1517 suo
1304 1476 1384 1532 pri·

108 1544 255 1576 ²vantur.

258 1613 303 1657 7)
337 1609 459 1649 Tae'tu
494 1607 572 1647 sunt
607 1609 759 1661 pingues
789 1618 828 1649 et
859 1609 989 1651 lubrici
1024 1611 1174 1653 steatitis
1206 1612 1332 1653 instat„

269 1686 310 1741 8)
345 1688 512 1741 Linguae
543 1688 687 1729 nullum
723 1691 953 1744 imprimunt
983 1691 1149 1743 gustum⁰

264 1772 307 1814 9)
347 1766 389 1806 ln
428 1769 622 1808 menstruis
655 1771 797 1822 aquosis
820 1803 830 1821 2
863 1772 1021 1821 olcofis‚
1055 1773 1273 1826 spirituofis,
1305 1775 1385 1816 aci-

109 1830 198 1882 dis,
230 1830 417 1879 alcaliuis,
456 1843 574 1884 neque
605 1833 848 1885 mollescunt,
882 1847 1004 1888 neque
1038 1836 1240 1877 soluunmr.

252 1909 324 1964 10)
360 1911 421 1950 Ad
457 1911 620 1951 vtenstlia
654 1925 705 1952 ex
742 1913 796 1952 eis
828 1914 930 1953 varia
966 1913 1203 1955 conficienda
1243 1916 1379 1970 aptiffi*

111 1975 166 2015 mi
220 1974 487 2028 obser-uantur,
537 1985 574 2015 et
625 1976 664 2015 in
714 1976 790 2016 hoc
840 1976 954 2030 lapidi
993 1980 1204 2031 serpentino
1243 1993 1378 2034 parum

109 2038 260 2077 cedunt.

256 2108 325 2163 ιι)
372 2111 519 2152 Met-„alli
547 2146 556 2163 ‚
609 2122 755 2168 praeter
804 2123 930 2165 partes
978 2113 1198 2169 martial-es7
1248 2116 1378 2169 quibua

108 2173 282 2214 colorem
317 2174 418 2216 suum
455 2177 619 2230 debent,
656 2176 750 2217 nihil
779 2178 1000 2234 continent)
1032 2177 1060 2219 fi
1095 2179 1177 2232 puri
1213 2179 1297 2222 fine.

690 2260 879 2302 Ddd2
1301 2258 1372 2317 xz)
