1972 2652
283 192 701 238 THEOREMATIS
731 182 1175 237 BERNOVLMANI.
1273 202 1355 237 ιω

111 306 273 348 normali
311 306 412 361 ΡΩ,
450 307 642 360 praebebit
676 309 828 361 angulus
846 307 969 365 AQP
991 306 1286 360 amplitudinem
1308 319 1371 347 ar-

112 382 174 413 cus
203 370 348 419 AMP.
423 370 520 412 Hinc
549 383 652 411 arcus
704 369 879 412 AMPB
908 373 980 411 erit
1032 371 1290 424 restangulus,
1341 371 1368 411 fi

111 436 188 474 eius
239 433 429 474 normales
476 445 674 476 extremae
723 432 807 477 AC
857 444 896 477 et
925 432 1010 476 BC
1061 436 1110 477 ad
1139 435 1173 475 se
1207 434 1370 475 inuicem

112 497 219 539 fuerit
253 498 590 552 perpendiculares.
1381 503 1384 505 ’

725 582 776 622 V.

263 651 527 695 Consideratut
559 652 669 707 igitur
686 667 706 694 a
725 651 857 693 Celeb.
891 650 1092 695 Bernoullio
1120 662 1221 691 arcus
1255 648 1373 690 cuius-
1388 635 1469 723 ’Ῑὲἓῦ
1496 635 1535 672 Π·

115 729 260 770 cunque
292 729 424 756 curuae
456 716 687 768 rectangulus
719 714 860 756 AMB
883 748 894 766 ‚
932 716 996 768 qui
1035 714 1104 754 filo
1157 713 1379 764 circumpli-
1432 699 1475 735 'g’
1505 698 1537 722 ²’

117 791 204 818 cato
254 790 302 817 ex
352 779 472 818 altero
522 779 691 818 termino
740 780 775 820 A
828 779 877 818 ita
910 778 1132 831 euoluatur,
1163 785 1207 815 vt
1239 775 1379 816 oriatur

114 853 224 882 curua
259 840 349 881 AN
361 838 428 893 Rs,
462 835 555 894 quae
591 844 730 894 pariter
762 841 834 881 erit
868 841 1093 894 restangula.
1129 839 1230 881 Hinc
1261 850 1379 893 porro

114 918 183 959 per
231 904 487 944 euolutionem
539 905 576 944 in
611 906 779 945 termino
815 900 869 943 Βκ
909 903 1152 959 incipiendo,
1185 915 1282 944 noua
1314 902 1380 942 de-

115 968 292 1008 scribatur
323 980 434 1007 curua
470 965 661 1008 B¹MsAs
684 982 696 1021 ·,
746 978 856 1021 atque
889 981 942 1009 ex
983 969 1055 1009 hac
1097 981 1117 1008 a
1152 966 1290 1020 punsto
1322 965 1384 1005 Α)

116 1031 216 1070 Γιιξῒο
246 1031 470 1070 euolutionis
499 1031 609 1070 initio
642 1033 769 1071 denuo
801 1043 898 1072 noua
928 1044 1038 1071 curua
1071 1024 1381 1080 A‘N‘131s3ex

118 1093 262 1145 hacque
284 1093 436 1131 vlterius
456 1104 475 1131 a
495 1093 658 1131 termino
678 1090 747 1131 ΒΝ
764 1093 980 1145 incipiendo
998 1104 1110 1134 curua
1130 1086 1379 1131 ΒΝΜΝΑΝ.

120 1156 227 1195 Talis
259 1154 428 1193 euolutio
459 1154 663 1194 alternatim
695 1169 716 1195 a
749 1155 897 1207 punctis
928 1156 966 1196 A
1008 1166 1045 1195 et
1083 1153 1118 1194 B
1156 1152 1381 1207 incipiendo

120 1220 157 1259 in
194 1217 383 1257 infinitum
425 1218 642 1256 continuata
682 1216 947 1269 concipiatur,
1000 1228 1109 1270 atque
1150 1217 1227 1256 hoc
1259 1215 1382 1256 modo

119 1282 224 1322 series
255 1292 450 1320 curu-arum
480 1278 622 1319 infinita
656 1278 844 1334 nascetur,
894 1291 988 1333 quae
1023 1290 1157 1323 omnes
1187 1279 1286 1320 inter
1317 1290 1385 1335 pag

119 1342 259 1387 rallelas
288 1341 366 1384 BE
395 1350 431 1382 et
461 1339 536 1382 CF
569 1352 678 1382 erunt
707 1352 919 1384 contentae.

714 1452 791 1494 VI.

265 1514 330 1564 De
362 1520 431 1564 hac
465 1522 540 1564 iam
575 1534 767 1564 cumarum
804 1523 894 1564 serie
914 1521 1140 1565 Bernoullius
1162 1521 1383 1574 affirmauit,

121 1598 142 1627 a
175 1598 388 1640 quacunqua
422 1599 528 1627 curua
563 1585 701 1628 ΑΜΒ
734 1588 884 1628 initium
919 1586 1025 1627 fuerit
1065 1585 1229 1628 trac‘tum
1253 1618 1264 1637 ,
1302 1596 1388 1626 cur·

119 1659 188 1689 vas
218 1650 304 1689 inde
339 1659 442 1690 natas
473 1650 658 1690 continuo
693 1652 850 1704 propius
882 1652 928 1690 ad
981 1649 1159 1700 cycloidis
1216 1647 1388 1689 formam

120 1712 307 1765 perduci,
342 1721 451 1765 atque
485 1724 573 1750 cum
607 1714 644 1751 in
677 1713 871 1754 infinitum
907 1712 1223 1766 processerimus,
1254 1721 1388 1751 omnes

121 1775 228 1815 huius
248 1773 348 1813 seriei
367 1786 492 1813 cui-uas
526 1784 565 1812 re
593 1775 667 1826 ipfa
699 1776 853 1815 euadere
884 1776 1090 1827 cycloides.
1155 1773 1243 1814 Hoc
1275 1775 1388 1827 igitur

122 1838 176 1877 est
224 1836 432 1878 Theorema
480 1837 772 1879 Bernoullianmn
825 1838 889 1882 ab,
920 1839 1027 1878 omni
1064 1837 1307 1890 ambiguitate
1339 1837 1388 1877 li-

123 1902 292 1942 beratum
315 1932 327 1952 ,
376 1903 436 1941 cui
485 1901 606 1954 prima
654 1901 774 1942 fronte
808 1902 897 1942 ideo
929 1901 1147 1942 obnoxium
1179 1901 1353 1940 videatur
1372 1931 1387 1956 ,

123 1964 224 2018 quod
258 1976 307 2003 ex
338 1964 465 2017 quauis
500 1976 609 2005 curua
646 1977 715 2016 per
745 1962 1006 2006 eu'olutionem
1039 1964 1206 2006 infinitae
1250 1975 1390 2004 curuae

123 2028 213 2067 oriri
250 2027 434 2081 poffunt·⁷
471 2025 563 2067 haec
594 2038 719 2069 autem
762 2029 987 2082 ambiguitas
1035 2041 1110 2082 ‚per
1157 2027 1391 2069 determina-

124 2099 207 2131 tum
238 2091 408 2146 cuiusque
441 2103 575 2133 cutuae
607 2092 758 2134 initium
794 2094 942 2146 penitus
973 2091 1024 2133 est
1054 2091 1197 2134 sublata.

742 2216 781 2261 Z
817 2231 839 2267 3
1285 2219 1380 2263 vn.
