1972 2652
589 230 683 277 364.
887 223 1572 272 OBSERVANONES

585 335 817 378 Decembris
849 346 902 385 17
923 360 943 366 -
966 346 1051 383 203
1173 358 1195 366 -
1309 359 1332 369 -
1453 360 1470 369 -
1584 359 1604 368 -
1698 339 1769 376 28-⁸
1793 345 1853 386 35

796 430 799 433 .
847 392 901 447 ‘27
923 422 938 428 -
963 411 1049 448 207
1178 425 1194 432 -
1312 422 1329 432 -
1444 425 1463 435 «-
1578 422 1601 430 -
1701 407 1768 442 23„
1792 410 1850 449 35

849 467 904 502 28
927 467 1045 511 -185
1167 481 1190 491 -
1305 488 1326 494 -
1582 487 1600 494 -
1699 471 1772 507 28.
1795 476 1852 503 22

850 539 907 576 29
927 533 1052 577 -187
1173 550 1192 556 -
1307 554 1324 560 -
1575 551 1595 562 -
1698 534 1767 569 28.
1791 540 1846 577 33

850 602 903 638 31
927 614 947 619 ..
970 603 1056 640 190
1172 610 1190 620 n
1303 615 1324 624 -
1441 617 1460 625 -
1575 614 1593 620 ·-
1692 586 1766 629 Ἰ28.
1788 594 1850 629 60

579 663 658 706 Die
697 675 777 713 14,
809 674 885 715 quo
917 662 979 701 hic
1010 661 1088 702 loci
1121 661 1251 711 gradus
1289 674 1376 702 200
1410 663 1464 703 est
1503 661 1737 714 obseruatUS,
1769 661 1851 703 Ar-

581 726 848 779 changelopoli
886 731 992 775 213}
1028 725 1080 764 est
1114 735 1275 765 notatus.
1820 742 1843 784 ’μ

729 798 984 850 Regiomonti
1019 795 1245 836 Decembris
1279 802 1351 836 26.
1387 799 1518 850 gradus
1550 799 1696 851 frigoris
1726 812 1756 847 4
1786 799 1847 838 in-

576 859 629 900 fra
666 872 692 898 0
724 861 838 900 coelo
868 860 998 900 sereno
1025 888 1036 903 ‚
1066 868 1183 899 vento
1224 860 1280 913 O,
1334 860 1386 900 est
1438 870 1585 900 notatus
1646 859 1849 902 secundum·

576 922 904 965 thermomerrum
940 923 978 965 F
980 922 1312 978 ahrenheitianum,
1347 925 1409 977 qui
1444 924 1607 977 aequalis
1643 929 1725 964 181
1766 923 1851 963 sca--

577 986 635 1026 lae
669 988 837 1040 nostrae,
874 987 936 1039 qui
971 988 1169 1027 maxim-us-
1196 1000 1346 1041 quoque
1379 988 1558 1029 omnium⁴
1588 988 1848 1040 Regiomonti

572 1049 857 1090 obseruatorum
887 1050 954 1089 fuit
989 1051 1061 1090 hoc
1093 1062 1207 1090 anno,

708 1120 838 1173 Frigus
871 1119 951 1160 hoc·
978 1121 1129 1160 saeuum
1166 1122 1263 1162 circa
1296 1123 1417 1163 finem
1452 1122 1684 1163 Decembris
1708 1122 1851 1178 inter-3·

569 1193 651 1222 ram
683 1183 845 1237 pollices
881 1196 938 1233 30
970 1183 1081 1236 pedis
1112 1183 1356 1226 Londinenfis
1388 1196 1659 1239 penetrauerat.

707 1252 861 1297 Glacies
892 1256 1026 1297 Neuae
1060 1256 1225 1297 flumini-s
1256 1258 1466 1299 craffiffima
1519 1260 1583 1300 vbi
1617 1259 1685 1300 fuit
1705 1287 1717 1310 ‚
1773 1260 1838 1302 ad·-

569 1319 753 1371 aequabat
781 1333 839 1368 29
875 1320 970 1372 poll.
1005 1321 1113 1372 pedis
1143 1320 1267 1362 Lond.
1305 1335 1397 1376 quae
1431 1321 1507 1362 fere
1533 1323 1719 1364 ordinaria
1741 1334 1842 1364 cras-

567 1379 664 1420 fities
697 1381 769 1421 effe
804 1381 896 1420 solet
917 1414 929 1435 ,
978 1383 1068 1434 quin
1103 1385 1229 1423 maior
1258 1386 1445 1426 interdum
1498 1386 1628 1426 hieme
1681 1387 1836 1426 mitiore

562 1441 615 1482 est
648 1443 876 1497 deprehensa
901 1474 914 1493 ,
966 1444 1005 1483 id
1041 1445 1144 1496 quod
1178 1447 1265 1484 inde
1298 1448 1369 1486 esse
1401 1448 1578 1496 videtur,
1631 1450 1731 1499 quod
1764 1447 1837 1486 hac

558 1504 690 1546 hieme
740 1520 832 1560 aqua
863 1506 1042 1547 rariffime
1072 1508 1127 1547 ita·
1161 1507 1235 1548 alta
1270 1508 1338 1548 fuit
1360 1539 1372 1559 ‚
1409 1517 1450 1547 vt
1496 1509 1659 1560 glaciem
1696 1508 1833 1549 Neuae

566 1567 743 1609 fluminis*
768 1569 1082 1622 transgrederetur
1102 1599 1115 1621 ‚
1169 1572 1207 1610 id
1240 1572 1340 1624 quod
1370 1569 1451 1611 aliis
1482 1572 1587 1610 annis
1625 1572 1836 1622 frequentet

563 1629 647 1672 fieri
680 1633 888 1673 consueuit.

709 1701 827 1745 Calor
860 1706 1054 1745 maximus
1089 1703 1187 1745 Maii
1224 1707 1296 1744 26.
1330 1704 1492 1758 contigit
1524 1700 1587 1743 sub
1605 1703 1837 1757 sequentibus-

557 1766 846 1809 circumstantiis
873 1783 882 1808 :
945 1767 1041 1809 Dies
1074 1772 1131 1806 26
1165 1768 1234 1808 fuit
1266 1769 1409 1808 serenus
1431 1800 1442 1821 ,
1486 1767 1541 1808 vti
1572 1779 1720 1820 quoque
1752 1767 1829 1813 dies

558 1833 817 1873 antecedentes
848 1844 870 1873 a
904 1844 986 1886 22,
1022 1841 1062 1871 et
1104 1833 1294 1885 sequentes
1334 1843 1482 1885 quoque
1532 1830 1579 1870 ad
1632 1829 1732 1870 Iunii
1781 1834 1827 1871 6.

560 1891 708 1934 Ventus
738 1904 817 1936 erat
848 1893 936 1949 31,
964 1903 1001 1936 et
1030 1895 1170 1949 aliquot
1202 1895 1330 1936 diebus
1366 1893 1598 1944 sequentibus
1629 1895 1828 1935 continua-

558 1955 635 2006 vit,
667 1957 751 1998 dein
782 1958 902 2001 versus
934 1961 978 2000 in>
1007 1958 1058 1999 Ο.
1096 1958 1243 2000 Diebus
1274 1957 1581 1999 antecedentibus
1611 1969 1634 1998 a·
1664 1970 1720 1996 22
1740 1955 1824 2000 Set

559 2018 603 2058 Ο
631 2018 890 2073 alternabant,
923 2024 985 2077 qui
1016 2023 1155 2064 leniter
1188 2022 1386 2076 spirabant.

702 2087 920 2132 Barometri
970 2095 1128 2135 altitudo
1167 2103 1245 2135 erat
1281 2101 1354 2139 28.
1379 2107 1449 2153 1²*
1487 2094 1547 2137 die
1579 2093 1815 2136 antecedenti

559 2156 725 2211 28.οιἴ
757 2162 796 2194 et
826 2154 989 2207 sequenti
1022 2165 1091 2202 28.
1120 2169 1189 2210 15.

1720 2222 1820 2266 Cae-⁷
