1972 2652
420 1584 503 1621 Tab.
527 1582 557 1620 Ῑ.

420 1633 495 1686 Εἰς.
523 1647 556 1678 4.

589 199 675 247 15³
829 192 927 236 DE
990 183 1618 238 TAVTOCHRONIS

584 307 679 361 i0r;
713 307 765 347 ita
797 314 841 345 vt
873 303 948 344 hoc
982 302 1179 357 problema
1216 318 1287 359 pro
1316 305 1398 347 aliis
1430 303 1704 359 hypothesibus
1741 314 1851 358 prae-

584 379 642 412 ter
675 383 736 410 eas
758 400 770 419 ,
821 380 912 421 quae
948 367 1007 407 vel
1041 366 1126 421 ipfis
1161 369 1439 420 celeritatibus‚
1493 368 1556 409 vel
1587 381 1717 410 earum
1759 379 1850 422 qua-

583 434 693 474 dratis
743 432 814 473 siut
869 431 1201 486 proportionales,
1250 433 1369 475 adhuc
1403 444 1476 488 pro
1507 431 1670 472 insoluto
1703 431 1748 473 fit
1780 430 1847 484 ha?

583 495 760 536 bendum.

731 572 763 610 4
807 558 1000 615 Quoniam
1033 567 1160 601 autem
1196 559 1268 601 hae
1308 559 1403 601 duae
1451 557 1675 611 hypotheses
1724 557 1850 599 diuer-

580 622 729 665 slsslmas
764 623 969 663 methodos
999 624 1210 677 requirunt,
1244 635 1361 675 eaque
1394 622 1630 673 methodus,
1661 633 1735 674 qua
1769 631 1848 662 tau-

582 687 814 727 tochronam
848 686 887 725 in
917 686 1078 737 medio,
1112 689 1215 741 quod
1250 686 1374 728 resistit
1410 686 1450 726 in
1483 684 1668 739 dupiicata
1700 686 1847 726 ratione

581 750 832 800 celeritatum,
849 749 975 798 elicui,
995 749 1137 790 nulium
1170 753 1277 791 vsum
1312 749 1472 802 praestat
1503 750 1540 788 in
1562 748 1712 800 medio,
1743 747 1846 803 quod

580 813 619 852 in
672 813 745 865 ipsa
797 812 1031 853 celeritatum
1082 813 1227 852 ratione
1277 811 1439 863 refistit3
1490 811 1588 851 haud
1639 823 1774 863 parum
1815 811 1846 851 is

579 873 799 929 praestitisse
829 876 898 914 erit
928 875 1127 915 censendus
1146 906 1157 926 ‚
1189 875 1252 928 qui
1286 873 1473 914 eiusmodi
1506 873 1733 913 methodum
1768 881 1848 912 tra-

582 939 753 990 diderit,
805 950 898 991 quae
935 937 980 977 ad
1014 939 1142 978 ambas
1174 938 1241 978 has
1272 935 1501 990 hypotheses
1536 936 1615 988 pari
1646 948 1732 976 cum
1768 935 1847 975 suc-

580 1002 679 1041 ceffu
712 1001 885 1041 adhiberi
917 1013 1042 1053 queat.
1139 1000 1280 1042 Talem
1313 1009 1441 1040 autem
1476 994 1701 1039 methodum
1739 996 1842 1039 Clar.

579 1062 780 1104 Fontainio
812 1073 1007 1115 acceptam
1043 1063 1178 1103 referre
1210 1064 1392 1103 debemus
1414 1091 1427 1111 ‚
1477 1073 1570 1113 quae
1604 1062 1662 1101 vti
1694 1073 1714 1100 a
1746 1061 1845 1101 sum-

579 1138 644 1167 ma
678 1126 810 1178 ingenii
845 1125 1035 1177 sagacitate
1064 1125 1118 1165 est
1167 1125 1367 1177 profecta,
1414 1124 1464 1162 ita
1512 1122 1629 1163 etiam
1680 1124 1847 1164 omnino

577 1189 689 1242 digna
722 1190 902 1244 videtur,
952 1199 1045 1240 quae
1095 1187 1311 1239 diligentius
1359 1185 1645 1239 perpendatur,
1694 1186 1846 1240 eiusque

579 1253 666 1293 Vsus
697 1251 843 1292 vberius
874 1249 1119 1302 explicetur,
1151 1249 1365 1301 praeiertim
1398 1261 1484 1288 cum
1519 1249 1594 1289 eius
1618 1262 1696 1303 ope
1726 1250 1844 1291 etiam

583 1315 623 1354 in
656 1314 788 1355 medio
809 1340 820 1362 ‚
853 1312 956 1352 cuius
987 1311 1185 1351 resistentia
1217 1312 1355 1362 partim
1389 1312 1576 1351 rationem
1610 1311 1844 1366 simplicem,

583 1376 727 1429 partim
762 1376 949 1416 rationem
981 1372 1473 1425 duplicatam,celeritatum
1508 1374 1682 1425 sequitur,
1718 1385 1845 1416 tauto-

584 1438 728 1479 chrona
779 1437 937 1481 inueniri
986 1435 1098 1492 poss'it
1117 1467 1128 1489 ,
1179 1435 1281 1491 quod
1331 1448 1419 1477 mea
1451 1436 1639 1477 methodo
1668 1438 1844 1492 praestari

582 1502 726 1556 nequit.

741 1575 779 1614 5.
815 1563 861 1606 In
893 1576 1003 1605 curua
1037 1564 1150 1619 igitur
1183 1563 1431 1606 tautochrona
1473 1563 1719 1617 inuestiganda
1772 1565 1843 1605 Vir

586 1626 862 1669 Celeberrimus
893 1628 1098 1669 considerat
1128 1628 1222 1668 duos
1250 1641 1351 1668 arcus
1382 1628 1462 1668 AF
1497 1638 1536 1667 et
1569 1624 1665 1668 ΑΒ]
1698 1626 1841 1673 infinite

583 1705 720 1746 parum
754 1705 773 1732 a
807 1692 840 1731 se
875 1692 1038 1730 inuicem
1086 1690 1367 1744 discrepantes,
1417 1691 1457 1731 in
1508 1701 1666 1743 eamque
1703 1693 1844 1732 'curuae

582 1755 828 1796 affeetionem
865 1754 1017 1807 inquirit
1035 1784 1045 1804 ,
1097 1763 1139 1795 vt
1169 1764 1344 1808 tempora
1366 1784 1378 1805 ,
1422 1753 1552 1806 quibus
1581 1752 1619 1793 hi
1650 1765 1752 1794 arcus
1779 1754 1845 1795 ab·

583 1818 794 1870 soluuntur,
827 1816 920 1857 fiant
954 1817 1048 1856 inter
1081 1818 1114 1857 se
1147 1819 1322 1872 aequalia.
1390 1817 1577 1858 Ponamus
1608 1829 1700 1870 ergo
1716 1829 1843 1858 arcum

584 1882 778 1932 AF:a‚
812 1891 850 1920 et
886 1878 1248 1933 AFsza-i-da,
1280 1890 1322 1921 vt
1353 1880 1396 1921 fit
1428 1876 1844 1934 FF'zda3etquo-

586 1944 687 1983 niam
724 1945 817 1983 dnos
852 1954 980 1983 motus
1014 1957 1080 1997 per
1113 1945 1188 1985 AF
1223 1953 1261 1984 et
1295 1940 1384 1984 ΑΡ]
1415 1950 1554 1985 eodem
1588 1955 1761 1997 tempore
1780 1943 1844 1983 ab·

589 2005 781 2045 soluendos
812 2006 907 2046 inter
938 2006 970 2045 se
1005 2009 1219 2062 comparari
1252 2016 1425 2061 oportet,
1458 2008 1498 2048 sit
1528 2014 1544 2048 t
1576 2007 1703 2059 portio
1734 2018 1842 2062 quae·

589 2080 735 2119 cunque
768 2067 958 2107 indefinita
991 2070 1098 2111 huius
1129 2072 1339 2125 temporis,
1371 2072 1430 2112 cui
1465 2073 1501 2111 in
1535 2081 1644 2112 motu
1678 2084 1745 2124 per
1762 2069 1840 2111 AF

594 2131 813 2187 respondeat
843 2142 946 2171 arcus
979 2132 1188 2188 AMzs,
1220 2136 1261 2176 in
1292 2135 1412 2177 altero
1443 2145 1566 2178 autem
1617 2143 1727 2176 motu
1775 2143 1839 2184 per

1739 2194 1836 2237 AF‘
