1972 2652
516 240 583 281 44
934 225 1051 279 ωῒψίἓ
1080 229 1096 278 )
1130 239 1158 268 0
1192 226 1208 275 (
1243 225 1360 276 &203⁰-

509 343 582 384 bus
604 372 615 393 ‚
649 339 788 381 tertiae
817 337 1096 382 dissertationis
1113 340 1167 381 est
1184 338 1400 381 obiectum.
1467 338 1587 379 Hunc
1621 340 1768 394 piscem

511 405 621 447 Clar.
658 405 817 445 Auc'tor
858 416 990 446 vnum
1031 405 1284 458 eundemque
1323 415 1421 443 cum
1462 403 1621 444 Sciaena
1656 403 1771 443 lineis

508 470 684 522 obliquis
735 468 871 508 laeteis
922 470 965 509 in
1010 479 1182 524 Vtroque
1229 467 1384 520 latere,
1434 465 1617 510 Gronou.
1663 468 1770 510 Mus.

511 532 708 574 Ichthiol.
758 531 831 571 esse
871 535 1073 588 opinatur.
1140 533 1331 587 Sequitur
1356 561 1370 581 ‚
1403 533 1444 571 in
1487 533 1770 574 Differ-tatione

511 607 652 647 quarta
675 627 686 643 ‚
721 596 852 633 Percis
883 598 1006 635 fiisciis
1039 598 1167 635 tribus
1199 596 1460 637 albicantibus
1482 629 1492 646 ‚
1530 596 1608 636 offe
1643 594 1770 634 malae

509 659 703 711 vti-inque
738 656 779 695 in
813 655 912 695 duas
945 658 1094 710 spinam,
1129 669 1255 697 vnam
1291 657 1458 706 longam
1492 658 1666 696 alteram
1680 658 1772 697 bre-

510 733 606 762 vem
630 753 640 772 ,
683 719 894 772 producto.
964 719 1013 759 In
1045 719 1300 759 describendis
1336 719 1399 758 his
1433 720 1601 771 piscibus
1632 721 1770 761 eadem

508 784 706 825 methodo
736 782 954 834 eademque
985 780 1143 822 solertia
1184 781 1275 822 vsus
1312 781 1365 820 est
1386 811 1396 829 ‚
1438 794 1560 833 quam
1600 783 1770 823 lectores

507 849 550 889 in
602 847 919 889 antecedentibus
966 845 1127 886 forsitan
1176 844 1449 887 obseruarunt.
1529 845 1613 885 Suo
1665 857 1769 886 tem-

506 924 609 966 pore
642 922 682 951 et
716 909 896 964 reliqui,
932 909 1279 964 Ichthiophylacii
1315 908 1437 948 nostri
1474 904 1591 960 pisces
1638 911 1769 950 rario-

505 988 571 1014 res
593 1007 604 1025 ‚
657 979 798 1018 eodem
851 976 976 1015 modo
1009 975 1304 1023 describentur;
1342 972 1418 1013 hoc
1452 974 1603 1013 etenim
1644 974 1767 1014 modo

504 1037 694 1080 historiae
732 1039 902 1093 piscium
945 1037 1128 1079 'naturali
1180 1039 1310 1079 maius
1362 1037 1566 1090 tutiusque
1624 1036 1789 1077 lumen.

504 1102 669 1142 forsitan
705 1104 937 1142 accendetur
959 1133 970 1149 ,
1017 1115 1139 1152 quam
1175 1114 1301 1153 Vsque
1333 1102 1463 1140 adhuc
1497 1101 1643 1138 multis
1673 1112 1771 1154 naef

502 1166 566 1204 vis
601 1163 816 1205 subiee‘tam
845 1163 1054 1203 nouimus.

1090 1310 1187 1353 111.

499 1420 751 1482 Dentalii
797 1419 1136 1479 Americani
1181 1418 1429 1497 ingentis
1484 1419 1765 1498 magnitu-

870 1504 1016 1562 dinis
1077 1503 1394 1583 descriptio.

503 1636 765 1698 Au&oi·e
809 1639 850 1697 Ι.
897 1640 980 1698 T.
1024 1637 1447 1700 Koehlreutero
1488 1657 1618 1719 pag,
1640 1657 1761 1714 352.

498 1782 763 1894 D³ntalios
786 1828 797 1846 ⁷
850 1795 920 1849 qui
963 1809 1042 1837 uon
1075 1808 1168 1837 raro
1205 1807 1256 1837 ex
1287 1799 1516 1837 continente
1548 1811 1654 1837 nunc
1684 1797 1757 1837 soli

627 1872 731 1898 nunc
766 1859 871 1896 inter
905 1856 981 1895 alia
1031 1857 1248 1908 conchylia
1281 1868 1322 1896 et
1355 1860 1564 1910 petrefinfta
1605 1873 1759 1901 eruun-

497 1929 589 1971 tur,
625 1921 775 1961 merito
802 1921 848 1960 ad
867 1920 1127 1961 domicilium
1147 1922 1356 1961 vermium
1378 1923 1632 1963 marinorum
1651 1936 1756 1976 quo-

496 1986 671 2026 rundam
709 1984 930 2038 pertinere,
965 1996 1085 2025 nemo
1115 1986 1168 2026 est
1201 1986 1270 2038 qui
1302 1984 1369 2024 fibi
1405 1997 1484 2025 non
1512 1987 1760 2038 persuadeat,

492 2050 683 2103 quamuis
723 2049 824 2103 ipsos
859 2060 1019 2089 vermes
1053 2050 1189 2090 videre
1223 2048 1375 2090 nemini
1409 2049 1540 2089 adhuc
1573 2052 1756 2102 contige-

493 2113 559 2153 rit.
627 2114 773 2154 Variae
809 2112 951 2153 indolis
973 2144 983 2162 ‚
1032 2114 1251 2154 structurae
1284 2122 1324 2153 et
1356 2114 1649 2166 magnitudinis
1688 2127 1755 2154 re-

486 2178 610 2233 periti
630 2210 642 2234 ‚
687 2177 842 2222 diuersa
875 2176 1124 2236 exemplaria
1156 2179 1200 2222 in
1234 2176 1565 2233 Lithophylaciis
1596 2178 1754 2220 Curio-

1613 2243 1757 2285 sorum
