<?xml version="1.0" encoding="UTF-8"?>
<!DOCTYPE html PUBLIC "-//W3C//DTD XHTML 1.0 Transitional//EN"
    "http://www.w3.org/TR/xhtml1/DTD/xhtml1-transitional.dtd">
<html xmlns="http://www.w3.org/1999/xhtml" xml:lang="en" lang="en">
 <head>
  <title>
</title>
<meta http-equiv="Content-Type" content="text/html;charset=utf-8" />
  <meta name='ocr-system' content='tesseract 3.04.00' />
  <meta name='ocr-capabilities' content='ocr_page ocr_carea ocr_par ocr_line ocrx_word'/>
</head>
<body>
  <div class='ocr_page' id='page_1' title='image "./novicommentariac10impe_0288.png"; bbox 0 0 1972 2652; ppageno 0'>
   <div class='ocr_carea' id='block_1_1' title="bbox 614 187 1430 242">
    <p class='ocr_par' dir='ltr' id='par_1_1' title="bbox 614 187 1430 242">
     <span class='ocr_line' id='line_1_1' title="bbox 614 187 1430 242; baseline 0.004 -5"><span class='ocrx_word' id='word_1_1' title='bbox 614 204 702 240; x_wconf 74' lang='lat'>208</span> <span class='ocrx_word' id='word_1_2' title='bbox 983 187 1096 240; x_wconf 83' lang='lat' dir='ltr'>DE</span> <span class='ocrx_word' id='word_1_3' title='bbox 1157 194 1430 242; x_wconf 85' lang='lat' dir='ltr'><em>MOTV</em></span> 
     </span>
    </p>
   </div>
   <div class='ocr_carea' id='block_1_2' title="bbox 559 310 1888 1807">
    <p class='ocr_par' dir='ltr' id='par_1_2' title="bbox 599 310 1864 994">
     <span class='ocr_line' id='line_1_2' title="bbox 608 310 1864 367; baseline 0.002 -17"><span class='ocrx_word' id='word_1_4' title='bbox 608 311 776 350; x_wconf 85' lang='lat' dir='ltr'>duorum</span> <span class='ocrx_word' id='word_1_5' title='bbox 808 321 1039 362; x_wconf 80' lang='lat' dir='ltr'>corporum,</span> <span class='ocrx_word' id='word_1_6' title='bbox 1074 323 1168 363; x_wconf 77' lang='lat' dir='ltr'>quae</span> <span class='ocrx_word' id='word_1_7' title='bbox 1199 311 1234 351; x_wconf 91' lang='lat' dir='ltr'>se</span> <span class='ocrx_word' id='word_1_8' title='bbox 1266 320 1399 352; x_wconf 85' lang='lat' dir='ltr'>mutuo</span> <span class='ocrx_word' id='word_1_9' title='bbox 1430 311 1467 351; x_wconf 88' lang='lat' dir='ltr'>in</span> <span class='ocrx_word' id='word_1_10' title='bbox 1499 310 1644 352; x_wconf 79' lang='lat' dir='ltr'>ratione</span> <span class='ocrx_word' id='word_1_11' title='bbox 1674 311 1864 367; x_wconf 71' lang='lat' dir='ltr'>reciproca</span> 
     </span>
     <span class='ocr_line' id='line_1_3' title="bbox 608 373 1862 426; baseline 0.003 -15"><span class='ocrx_word' id='word_1_12' title='bbox 608 374 868 413; x_wconf 66' lang='lat' dir='ltr'>distantiarum</span> <span class='ocrx_word' id='word_1_13' title='bbox 900 374 1085 425; x_wconf 63' lang='lat' dir='ltr'>duplicata</span> <span class='ocrx_word' id='word_1_14' title='bbox 1124 375 1345 426; x_wconf 77' lang='lat' dir='ltr'>attrahunt,</span> <span class='ocrx_word' id='word_1_15' title='bbox 1390 385 1561 416; x_wconf 72' lang='lat' dir='ltr'>accurate</span> <span class='ocrx_word' id='word_1_16' title='bbox 1592 373 1747 416; x_wconf 85' lang='lat' dir='ltr'>definire</span> <span class='ocrx_word' id='word_1_17' title='bbox 1795 378 1862 415; x_wconf 89' lang='lat' dir='ltr'>do-</span> 
     </span>
     <span class='ocr_line' id='line_1_4' title="bbox 606 434 1864 491; baseline 0.003 -16"><span class='ocrx_word' id='word_1_18' title='bbox 606 438 770 475; x_wconf 79' lang='lat' dir='ltr'>cuerint.</span> <span class='ocrx_word' id='word_1_19' title='bbox 814 434 952 476; x_wconf 74' lang='lat' dir='ltr'>Statim</span> <span class='ocrx_word' id='word_1_20' title='bbox 986 449 1030 476; x_wconf 77' lang='lat' dir='ltr'>ac</span> <span class='ocrx_word' id='word_1_21' title='bbox 1064 438 1132 477; x_wconf 78' lang='lat' dir='ltr'>tria</span> <span class='ocrx_word' id='word_1_22' title='bbox 1162 450 1324 491; x_wconf 82' lang='lat' dir='ltr'>corpora</span> <span class='ocrx_word' id='word_1_23' title='bbox 1356 438 1391 477; x_wconf 85' lang='lat' dir='ltr'>se</span> <span class='ocrx_word' id='word_1_24' title='bbox 1425 438 1495 478; x_wconf 76' lang='lat' dir='ltr'>hac</span> <span class='ocrx_word' id='word_1_25' title='bbox 1528 439 1609 491; x_wconf 82' lang='lat' dir='ltr'>lege</span> <span class='ocrx_word' id='word_1_26' title='bbox 1641 438 1864 479; x_wconf 80' lang='lat' dir='ltr'>attrahentia</span> 
     </span>
     <span class='ocr_line' id='line_1_5' title="bbox 606 500 1864 554; baseline 0.003 -17"><span class='ocrx_word' id='word_1_27' title='bbox 606 510 873 551; x_wconf 79' lang='lat' dir='ltr'>proponuntur</span> <span class='ocrx_word' id='word_1_28' title='bbox 893 528 905 548; x_wconf 83' lang='lat'><strong>,</strong></span> <span class='ocrx_word' id='word_1_29' title='bbox 951 500 1017 552; x_wconf 82' lang='lat' dir='ltr'>qui</span> <span class='ocrx_word' id='word_1_30' title='bbox 1052 508 1185 540; x_wconf 79' lang='lat' dir='ltr'>tamen</span> <span class='ocrx_word' id='word_1_31' title='bbox 1218 501 1314 540; x_wconf 69' lang='lat' dir='ltr'>castis</span> <span class='ocrx_word' id='word_1_32' title='bbox 1346 514 1366 542; x_wconf 87' lang='lat' dir='ltr'>a</span> <span class='ocrx_word' id='word_1_33' title='bbox 1402 501 1518 554; x_wconf 87' lang='lat' dir='ltr'>scopo</span> <span class='ocrx_word' id='word_1_34' title='bbox 1550 500 1728 554; x_wconf 78' lang='lat' dir='ltr'>praefixo</span> <span class='ocrx_word' id='word_1_35' title='bbox 1743 501 1864 543; x_wconf 81' lang='lat' dir='ltr'>adhuc</span> 
     </span>
     <span class='ocr_line' id='line_1_6' title="bbox 605 556 1861 618; baseline 0.003 -18"><span class='ocrx_word' id='word_1_36' title='bbox 605 561 813 614; x_wconf 71' lang='lat' dir='ltr'>longissime</span> <span class='ocrx_word' id='word_1_37' title='bbox 846 562 972 613; x_wconf 85' lang='lat' dir='ltr'>abest,</span> <span class='ocrx_word' id='word_1_38' title='bbox 1003 575 1091 603; x_wconf 86' lang='lat' dir='ltr'>cum</span> <span class='ocrx_word' id='word_1_39' title='bbox 1134 575 1309 604; x_wconf 85' lang='lat' dir='ltr'>numerus</span> <span class='ocrx_word' id='word_1_40' title='bbox 1340 556 1544 618; x_wconf 76' lang='lat' dir='ltr'>eorporum</span> <span class='ocrx_word' id='word_1_41' title='bbox 1579 565 1617 603; x_wconf 86' lang='lat' dir='ltr'>in</span> <span class='ocrx_word' id='word_1_42' title='bbox 1649 565 1794 604; x_wconf 83' lang='lat' dir='ltr'>mundo</span> <span class='ocrx_word' id='word_1_43' title='bbox 1824 565 1861 604; x_wconf 86' lang='lat' dir='ltr'>se</span> 
     </span>
     <span class='ocr_line' id='line_1_7' title="bbox 604 624 1862 681; baseline 0.003 -18"><span class='ocrx_word' id='word_1_44' title='bbox 604 635 740 665; x_wconf 83' lang='lat' dir='ltr'>mutuo</span> <span class='ocrx_word' id='word_1_45' title='bbox 773 624 1040 665; x_wconf 67' lang='lat' dir='ltr'>attrahendum</span> <span class='ocrx_word' id='word_1_46' title='bbox 1074 626 1116 667; x_wconf 83' lang='lat' dir='ltr'>sit</span> <span class='ocrx_word' id='word_1_47' title='bbox 1150 631 1378 680; x_wconf 75' lang='lat' dir='ltr'>maximu53</span> <span class='ocrx_word' id='word_1_48' title='bbox 1412 628 1541 666; x_wconf 84' lang='lat' dir='ltr'>omnia</span> <span class='ocrx_word' id='word_1_49' title='bbox 1572 625 1744 678; x_wconf 78' lang='lat' dir='ltr'>artificia,</span> <span class='ocrx_word' id='word_1_50' title='bbox 1765 638 1862 681; x_wconf 81' lang='lat' dir='ltr'>quae</span> 
     </span>
     <span class='ocr_line' id='line_1_8' title="bbox 603 688 1863 741; baseline 0.003 -15"><span class='ocrx_word' id='word_1_51' title='bbox 603 689 754 740; x_wconf 75' lang='lat' dir='ltr'>quidem</span> <span class='ocrx_word' id='word_1_52' title='bbox 786 688 907 728; x_wconf 74' lang='lat' dir='ltr'>adhuc</span> <span class='ocrx_word' id='word_1_53' title='bbox 939 689 977 727; x_wconf 89' lang='lat' dir='ltr'>in</span> <span class='ocrx_word' id='word_1_54' title='bbox 997 690 1152 740; x_wconf 77' lang='lat' dir='ltr'>Analyfi</span> <span class='ocrx_word' id='word_1_55' title='bbox 1185 691 1262 730; x_wconf 85' lang='lat' dir='ltr'>sunt</span> <span class='ocrx_word' id='word_1_56' title='bbox 1297 690 1461 741; x_wconf 78' lang='lat' dir='ltr'>inuenta,</span> <span class='ocrx_word' id='word_1_57' title='bbox 1479 690 1513 729; x_wconf 89' lang='lat' dir='ltr'>ei</span> <span class='ocrx_word' id='word_1_58' title='bbox 1544 689 1743 730; x_wconf 80' lang='lat' dir='ltr'>enodando</span> <span class='ocrx_word' id='word_1_59' title='bbox 1782 690 1863 731; x_wconf 80' lang='lat' dir='ltr'>mi·</span> 
     </span>
     <span class='ocr_line' id='line_1_9' title="bbox 605 747 1863 806; baseline 0.002 -16"><span class='ocrx_word' id='word_1_60' title='bbox 605 753 712 791; x_wconf 89' lang='lat' dir='ltr'>nime</span> <span class='ocrx_word' id='word_1_61' title='bbox 746 751 939 791; x_wconf 81' lang='lat' dir='ltr'>sufficiunt.</span> <span class='ocrx_word' id='word_1_62' title='bbox 1018 751 1069 793; x_wconf 86' lang='lat' dir='ltr'>Et</span> <span class='ocrx_word' id='word_1_63' title='bbox 1102 753 1166 806; x_wconf 84' lang='lat' dir='ltr'>qui</span> <span class='ocrx_word' id='word_1_64' title='bbox 1200 753 1273 792; x_wconf 86' lang='lat' dir='ltr'>hoc</span> <span class='ocrx_word' id='word_1_65' title='bbox 1306 747 1506 805; x_wconf 76' lang='lat' dir='ltr'>problema</span> <span class='ocrx_word' id='word_1_66' title='bbox 1554 753 1633 793; x_wconf 87' lang='lat' dir='ltr'>sunt</span> <span class='ocrx_word' id='word_1_67' title='bbox 1682 752 1863 806; x_wconf 72' lang='lat' dir='ltr'>aggreffi,</span> 
     </span>
     <span class='ocr_line' id='line_1_10' title="bbox 608 813 1862 869; baseline 0.002 -17"><span class='ocrx_word' id='word_1_68' title='bbox 608 814 689 865; x_wconf 86' lang='lat' dir='ltr'><strong>plus</strong></span> <span class='ocrx_word' id='word_1_69' title='bbox 723 827 800 853; x_wconf 88' lang='lat' dir='ltr'>non</span> <span class='ocrx_word' id='word_1_70' title='bbox 834 813 1092 866; x_wconf 79' lang='lat' dir='ltr'>praestiterunt</span> <span class='ocrx_word' id='word_1_71' title='bbox 1114 845 1125 865; x_wconf 89' lang='lat'><strong>‚</strong></span> <span class='ocrx_word' id='word_1_72' title='bbox 1155 828 1270 867; x_wconf 52' lang='lat' dir='ltr'>,quam</span> <span class='ocrx_word' id='word_1_73' title='bbox 1305 824 1347 854; x_wconf 88' lang='lat' dir='ltr'>vt</span> <span class='ocrx_word' id='word_1_74' title='bbox 1371 817 1457 865; x_wconf 49' lang='lat' dir='ltr'>,casu</span> <span class='ocrx_word' id='word_1_75' title='bbox 1480 845 1490 864; x_wconf 94' lang='lat'>,</span> <span class='ocrx_word' id='word_1_76' title='bbox 1525 828 1601 869; x_wconf 90' lang='lat' dir='ltr'>quo</span> <span class='ocrx_word' id='word_1_77' title='bbox 1636 817 1743 854; x_wconf 71' lang='lat' dir='ltr'>vnius</span> <span class='ocrx_word' id='word_1_78' title='bbox 1777 827 1862 854; x_wconf 91' lang='lat' dir='ltr'>cor-</span> 
     </span>
     <span class='ocr_line' id='line_1_11' title="bbox 599 877 1859 931; baseline 0.002 -16"><span class='ocrx_word' id='word_1_79' title='bbox 599 877 704 929; x_wconf 83' lang='lat' dir='ltr'>poris</span> <span class='ocrx_word' id='word_1_80' title='bbox 736 878 791 916; x_wconf 86' lang='lat' dir='ltr'>vis</span> <span class='ocrx_word' id='word_1_81' title='bbox 820 889 908 931; x_wconf 79' lang='lat' dir='ltr'>prae</span> <span class='ocrx_word' id='word_1_82' title='bbox 941 879 1084 918; x_wconf 79' lang='lat' dir='ltr'>duobus</span> <span class='ocrx_word' id='word_1_83' title='bbox 1117 878 1264 931; x_wconf 81' lang='lat' dir='ltr'>reliquis</span> <span class='ocrx_word' id='word_1_84' title='bbox 1295 878 1401 918; x_wconf 80' lang='lat' dir='ltr'>vaide</span> <span class='ocrx_word' id='word_1_85' title='bbox 1430 877 1488 917; x_wconf 64' lang='lat' dir='ltr'>&gt;est</span> <span class='ocrx_word' id='word_1_86' title='bbox 1515 878 1658 931; x_wconf 77' lang='lat' dir='ltr'>exigua</span> <span class='ocrx_word' id='word_1_87' title='bbox 1680 904 1694 927; x_wconf 63' lang='lat'><em>2</em></span> <span class='ocrx_word' id='word_1_88' title='bbox 1724 888 1859 918; x_wconf 86' lang='lat' dir='ltr'>eorum</span> 
     </span>
     <span class='ocr_line' id='line_1_12' title="bbox 599 940 1563 994; baseline 0.002 -16"><span class='ocrx_word' id='word_1_89' title='bbox 599 949 732 980; x_wconf 83' lang='lat' dir='ltr'>motus</span> <span class='ocrx_word' id='word_1_90' title='bbox 764 952 859 979; x_wconf 88' lang='lat' dir='ltr'>vero</span> <span class='ocrx_word' id='word_1_91' title='bbox 891 950 1040 981; x_wconf 79' lang='lat' dir='ltr'><strong>tantum</strong></span> <span class='ocrx_word' id='word_1_92' title='bbox 1074 943 1255 993; x_wconf 84' lang='lat' dir='ltr'>proxime</span> <span class='ocrx_word' id='word_1_93' title='bbox 1288 940 1563 994; x_wconf 77' lang='lat' dir='ltr'>affignauerint.</span> 
     </span>
    </p>

    <p class='ocr_par' dir='ltr' id='par_1_3' title="bbox 559 1002 1888 1807">
     <span class='ocr_line' id='line_1_13' title="bbox 752 1002 1859 1056; baseline 0.001 -14"><span class='ocrx_word' id='word_1_94' title='bbox 752 1017 793 1052; x_wconf 82' lang='lat'>3.</span> <span class='ocrx_word' id='word_1_95' title='bbox 831 1004 896 1042; x_wconf 82' lang='lat' dir='ltr'>Ex</span> <span class='ocrx_word' id='word_1_96' title='bbox 922 1003 1003 1044; x_wconf 89' lang='lat' dir='ltr'>-hoc</span> <span class='ocrx_word' id='word_1_97' title='bbox 1037 1005 1143 1043; x_wconf 87' lang='lat' dir='ltr'>fonte</span> <span class='ocrx_word' id='word_1_98' title='bbox 1177 1006 1306 1045; x_wconf 84' lang='lat' dir='ltr'>omnia</span> <span class='ocrx_word' id='word_1_99' title='bbox 1347 1004 1427 1043; x_wconf 86' lang='lat' dir='ltr'>sunt</span> <span class='ocrx_word' id='word_1_100' title='bbox 1472 1004 1628 1053; x_wconf 81' lang='lat' dir='ltr'>hausta,</span> <span class='ocrx_word' id='word_1_101' title='bbox 1666 1015 1761 1056; x_wconf 80' lang='lat' dir='ltr'>quae</span> <span class='ocrx_word' id='word_1_102' title='bbox 1790 1002 1859 1043; x_wconf 70' lang='lat' dir='ltr'>ad-</span> 
     </span>
     <span class='ocr_line' id='line_1_14' title="bbox 597 1057 1888 1119; baseline 0.002 -15"><span class='ocrx_word' id='word_1_103' title='bbox 597 1063 674 1104; x_wconf 87' lang='lat' dir='ltr'>huc</span> <span class='ocrx_word' id='word_1_104' title='bbox 705 1065 753 1104; x_wconf 88' lang='lat' dir='ltr'>de</span> <span class='ocrx_word' id='word_1_105' title='bbox 786 1075 898 1104; x_wconf 84' lang='lat' dir='ltr'>motu</span> <span class='ocrx_word' id='word_1_106' title='bbox 936 1065 1095 1115; x_wconf 75' lang='lat' dir='ltr'>Lunae,</span> <span class='ocrx_word' id='word_1_107' title='bbox 1143 1078 1187 1107; x_wconf 72' lang='lat' dir='ltr'>ac</span> <span class='ocrx_word' id='word_1_108' title='bbox 1232 1068 1281 1107; x_wconf 79' lang='lat' dir='ltr'>de</span> <span class='ocrx_word' id='word_1_109' title='bbox 1314 1067 1653 1119; x_wconf 78' lang='lat' dir='ltr'>perturbationibus</span> <span class='ocrx_word' id='word_1_110' title='bbox 1672 1096 1685 1114; x_wconf 94' lang='lat'><em>‚</em></span> <span class='ocrx_word' id='word_1_111' title='bbox 1728 1057 1888 1119; x_wconf 80' lang='lat' dir='ltr'>quibus&#39;</span> 
     </span>
     <span class='ocr_line' id='line_1_15' title="bbox 597 1127 1859 1182; baseline 0.001 -15"><span class='ocrx_word' id='word_1_112' title='bbox 597 1137 726 1167; x_wconf 85' lang='lat' dir='ltr'>motus</span> <span class='ocrx_word' id='word_1_113' title='bbox 757 1127 987 1180; x_wconf 80' lang='lat' dir='ltr'>planetarum</span> <span class='ocrx_word' id='word_1_114' title='bbox 1020 1128 1262 1182; x_wconf 79' lang='lat' dir='ltr'>afficiuntur,</span> <span class='ocrx_word' id='word_1_115' title='bbox 1295 1127 1372 1168; x_wconf 72' lang='lat' dir='ltr'>siint</span> <span class='ocrx_word' id='word_1_116' title='bbox 1406 1128 1597 1182; x_wconf 80' lang='lat' dir='ltr'>explorata</span> <span class='ocrx_word' id='word_1_117' title='bbox 1620 1161 1630 1180; x_wconf 93' lang='lat'>,</span> <span class='ocrx_word' id='word_1_118' title='bbox 1660 1127 1859 1168; x_wconf 78' lang='lat' dir='ltr'>vbicom-</span> 
     </span>
     <span class='ocr_line' id='line_1_16' title="bbox 597 1191 1860 1245; baseline 0.002 -15"><span class='ocrx_word' id='word_1_119' title='bbox 597 1192 714 1230; x_wconf 80' lang='lat' dir='ltr'>mode</span> <span class='ocrx_word' id='word_1_120' title='bbox 749 1191 809 1230; x_wconf 87' lang='lat' dir='ltr'>vsu</span> <span class='ocrx_word' id='word_1_121' title='bbox 846 1194 976 1245; x_wconf 79' lang='lat' dir='ltr'>venit,</span> <span class='ocrx_word' id='word_1_122' title='bbox 1007 1202 1048 1231; x_wconf 86' lang='lat' dir='ltr'>vt</span> <span class='ocrx_word' id='word_1_123' title='bbox 1076 1192 1159 1244; x_wconf 82' lang='lat' dir='ltr'>vis,</span> <span class='ocrx_word' id='word_1_124' title='bbox 1191 1205 1263 1245; x_wconf 78' lang='lat' dir='ltr'>qua</span> <span class='ocrx_word' id='word_1_125' title='bbox 1298 1191 1405 1231; x_wconf 82' lang='lat' dir='ltr'>Luna</span> <span class='ocrx_word' id='word_1_126' title='bbox 1439 1194 1483 1232; x_wconf 78' lang='lat' dir='ltr'>ad</span> <span class='ocrx_word' id='word_1_127' title='bbox 1512 1192 1673 1233; x_wconf 72' lang='lat' dir='ltr'>Terram</span> <span class='ocrx_word' id='word_1_128' title='bbox 1693 1202 1860 1244; x_wconf 78' lang='lat' dir='ltr'>vrgetur,</span> 
     </span>
     <span class='ocr_line' id='line_1_17' title="bbox 596 1253 1858 1308; baseline 0.004 -16"><span class='ocrx_word' id='word_1_129' title='bbox 596 1254 804 1306; x_wconf 74' lang='lat' dir='ltr'>plurimum</span> <span class='ocrx_word' id='word_1_130' title='bbox 840 1254 984 1305; x_wconf 84' lang='lat' dir='ltr'>superet</span> <span class='ocrx_word' id='word_1_131' title='bbox 1019 1255 1099 1294; x_wconf 86' lang='lat' dir='ltr'>vim</span> <span class='ocrx_word' id='word_1_132' title='bbox 1131 1256 1176 1294; x_wconf 83' lang='lat' dir='ltr'>ad</span> <span class='ocrx_word' id='word_1_133' title='bbox 1210 1253 1343 1294; x_wconf 86' lang='lat' dir='ltr'>Solem</span> <span class='ocrx_word' id='word_1_134' title='bbox 1378 1254 1593 1308; x_wconf 69' lang='lat' dir='ltr'>directam,</span> <span class='ocrx_word' id='word_1_135' title='bbox 1627 1255 1664 1295; x_wconf 92' lang='lat' dir='ltr'>in</span> <span class='ocrx_word' id='word_1_136' title='bbox 1701 1255 1858 1308; x_wconf 78' lang='lat' dir='ltr'>planetis</span> 
     </span>
     <span class='ocr_line' id='line_1_18' title="bbox 597 1316 1856 1370; baseline 0.002 -16"><span class='ocrx_word' id='word_1_137' title='bbox 597 1326 726 1355; x_wconf 78' lang='lat' dir='ltr'>autem</span> <span class='ocrx_word' id='word_1_138' title='bbox 748 1317 805 1355; x_wconf 86' lang='lat' dir='ltr'>vis</span> <span class='ocrx_word' id='word_1_139' title='bbox 823 1318 866 1356; x_wconf 79' lang='lat' dir='ltr'>ad</span> <span class='ocrx_word' id='word_1_140' title='bbox 881 1316 1012 1357; x_wconf 78' lang='lat' dir='ltr'>Solem</span> <span class='ocrx_word' id='word_1_141' title='bbox 1033 1317 1185 1356; x_wconf 81' lang='lat' dir='ltr'>tendens</span> <span class='ocrx_word' id='word_1_142' title='bbox 1205 1317 1328 1356; x_wconf 84' lang='lat' dir='ltr'>multo</span> <span class='ocrx_word' id='word_1_143' title='bbox 1347 1318 1471 1356; x_wconf 83' lang='lat' dir='ltr'>maior</span> <span class='ocrx_word' id='word_1_144' title='bbox 1490 1318 1531 1356; x_wconf 78' lang='lat' dir='ltr'>sit</span> <span class='ocrx_word' id='word_1_145' title='bbox 1550 1318 1706 1368; x_wconf 76' lang='lat' dir='ltr'>viribuS,</span> <span class='ocrx_word' id='word_1_146' title='bbox 1727 1317 1856 1370; x_wconf 84' lang='lat' dir='ltr'>quibus</span> 
     </span>
     <span class='ocr_line' id='line_1_19' title="bbox 596 1377 1855 1434; baseline 0.003 -19"><span class='ocrx_word' id='word_1_147' title='bbox 596 1377 635 1416; x_wconf 86' lang='lat' dir='ltr'>in</span> <span class='ocrx_word' id='word_1_148' title='bbox 669 1377 702 1416; x_wconf 88' lang='lat' dir='ltr'>se</span> <span class='ocrx_word' id='word_1_149' title='bbox 736 1379 898 1418; x_wconf 81' lang='lat' dir='ltr'>inuicem</span> <span class='ocrx_word' id='word_1_150' title='bbox 934 1389 1057 1430; x_wconf 78' lang='lat' dir='ltr'>agunt.</span> <span class='ocrx_word' id='word_1_151' title='bbox 1106 1380 1215 1434; x_wconf 76' lang='lat' dir='ltr'>Quae</span> <span class='ocrx_word' id='word_1_152' title='bbox 1249 1378 1519 1419; x_wconf 71' lang='lat' dir='ltr'>circumstantia</span> <span class='ocrx_word' id='word_1_153' title='bbox 1551 1381 1615 1419; x_wconf 84' lang='lat' dir='ltr'>nisi</span> <span class='ocrx_word' id='word_1_154' title='bbox 1648 1384 1855 1430; x_wconf 84' lang='lat' dir='ltr'>accederet,</span> 
     </span>
     <span class='ocr_line' id='line_1_20' title="bbox 596 1440 1853 1495; baseline 0.002 -17"><span class='ocrx_word' id='word_1_155' title='bbox 596 1440 725 1480; x_wconf 76' lang='lat' dir='ltr'>omnis</span> <span class='ocrx_word' id='word_1_156' title='bbox 757 1453 872 1494; x_wconf 71' lang='lat' dir='ltr'>opera</span> <span class='ocrx_word' id='word_1_157' title='bbox 904 1443 941 1480; x_wconf 91' lang='lat' dir='ltr'>in</span> <span class='ocrx_word' id='word_1_158' title='bbox 975 1451 1155 1482; x_wconf 83' lang='lat' dir='ltr'>motuum</span> <span class='ocrx_word' id='word_1_159' title='bbox 1189 1442 1504 1482; x_wconf 75' lang='lat' dir='ltr'>determinatione</span> <span class='ocrx_word' id='word_1_160' title='bbox 1535 1443 1659 1481; x_wconf 75' lang='lat' dir='ltr'>frustra</span> <span class='ocrx_word' id='word_1_161' title='bbox 1701 1443 1853 1495; x_wconf 85' lang='lat' dir='ltr'>impen-</span> 
     </span>
     <span class='ocr_line' id='line_1_21' title="bbox 559 1503 1855 1559; baseline 0.003 -18"><span class='ocrx_word' id='word_1_162' title='bbox 559 1515 564 1519; x_wconf 90' lang='lat'>·</span> <span class='ocrx_word' id='word_1_163' title='bbox 598 1503 761 1542; x_wconf 79' lang='lat' dir='ltr'>deretur,</span> <span class='ocrx_word' id='word_1_164' title='bbox 827 1504 943 1559; x_wconf 75' lang='lat' dir='ltr'>Quod</span> <span class='ocrx_word' id='word_1_165' title='bbox 978 1505 1025 1543; x_wconf 79' lang='lat' dir='ltr'>ad</span> <span class='ocrx_word' id='word_1_166' title='bbox 1060 1505 1204 1545; x_wconf 79' lang='lat' dir='ltr'>Lunam</span> <span class='ocrx_word' id='word_1_167' title='bbox 1234 1506 1409 1552; x_wconf 72' lang='lat' dir='ltr'>attinet,</span> <span class='ocrx_word' id='word_1_168' title='bbox 1437 1506 1542 1544; x_wconf 77' lang='lat' dir='ltr'>cuius</span> <span class='ocrx_word' id='word_1_169' title='bbox 1583 1514 1737 1545; x_wconf 87' lang='lat' dir='ltr'>motum</span> <span class='ocrx_word' id='word_1_170' title='bbox 1789 1504 1855 1545; x_wconf 84' lang='lat' dir='ltr'>ad-</span> 
     </span>
     <span class='ocr_line' id='line_1_22' title="bbox 595 1564 1852 1619; baseline 0.002 -16"><span class='ocrx_word' id='word_1_171' title='bbox 595 1564 670 1604; x_wconf 86' lang='lat' dir='ltr'>huc</span> <span class='ocrx_word' id='word_1_172' title='bbox 704 1578 767 1619; x_wconf 86' lang='lat' dir='ltr'>per</span> <span class='ocrx_word' id='word_1_173' title='bbox 799 1566 1150 1619; x_wconf 76' lang='lat' dir='ltr'>approximationes</span> <span class='ocrx_word' id='word_1_174' title='bbox 1182 1567 1263 1607; x_wconf 80' lang='lat' dir='ltr'>satis</span> <span class='ocrx_word' id='word_1_175' title='bbox 1291 1567 1421 1606; x_wconf 55' lang='lat' dir='ltr'>emere</span> <span class='ocrx_word' id='word_1_176' title='bbox 1455 1566 1611 1606; x_wconf 85' lang='lat' dir='ltr'>definire</span> <span class='ocrx_word' id='word_1_177' title='bbox 1641 1567 1747 1606; x_wconf 76' lang='lat' dir='ltr'>&#39;licuit</span> <span class='ocrx_word' id='word_1_178' title='bbox 1767 1594 1778 1615; x_wconf 94' lang='lat'>,</span> <span class='ocrx_word' id='word_1_179' title='bbox 1825 1567 1852 1607; x_wconf 87' lang='lat' dir='ltr'>fi</span> 
     </span>
     <span class='ocr_line' id='line_1_23' title="bbox 595 1627 1853 1681; baseline 0.001 -14"><span class='ocrx_word' id='word_1_180' title='bbox 595 1627 743 1680; x_wconf 76' lang='lat' dir='ltr'>longius</span> <span class='ocrx_word' id='word_1_181' title='bbox 773 1642 793 1668; x_wconf 84' lang='lat' dir='ltr'>a</span> <span class='ocrx_word' id='word_1_182' title='bbox 824 1630 942 1670; x_wconf 80' lang='lat' dir='ltr'>Terra</span> <span class='ocrx_word' id='word_1_183' title='bbox 975 1630 1064 1668; x_wconf 81' lang='lat' dir='ltr'>esset</span> <span class='ocrx_word' id='word_1_184' title='bbox 1098 1639 1248 1669; x_wconf 80' lang='lat' dir='ltr'>remota</span> <span class='ocrx_word' id='word_1_185' title='bbox 1266 1661 1277 1680; x_wconf 91' lang='lat'>,</span> <span class='ocrx_word' id='word_1_186' title='bbox 1311 1641 1390 1667; x_wconf 83' lang='lat' dir='ltr'>non</span> <span class='ocrx_word' id='word_1_187' title='bbox 1423 1629 1549 1678; x_wconf 80' lang='lat' dir='ltr'>video,</span> <span class='ocrx_word' id='word_1_188' title='bbox 1570 1629 1767 1681; x_wconf 85' lang='lat' dir='ltr'>quomodo</span> <span class='ocrx_word' id='word_1_189' title='bbox 1787 1628 1853 1668; x_wconf 86' lang='lat' dir='ltr'>vix</span> 
     </span>
     <span class='ocr_line' id='line_1_24' title="bbox 595 1690 1855 1746; baseline 0.002 -17"><span class='ocrx_word' id='word_1_190' title='bbox 595 1690 708 1730; x_wconf 45' lang='lat' dir='ltr'>filum</span> <span class='ocrx_word' id='word_1_191' title='bbox 745 1693 824 1731; x_wconf 82' lang='lat' dir='ltr'>eius</span> <span class='ocrx_word' id='word_1_192' title='bbox 856 1701 988 1733; x_wconf 81' lang='lat' dir='ltr'>motus</span> <span class='ocrx_word' id='word_1_193' title='bbox 1022 1693 1197 1733; x_wconf 79' lang='lat' dir='ltr'>notitiam</span> <span class='ocrx_word' id='word_1_194' title='bbox 1230 1692 1380 1746; x_wconf 79' lang='lat' dir='ltr'>adipisci</span> <span class='ocrx_word' id='word_1_195' title='bbox 1415 1691 1634 1746; x_wconf 78' lang='lat' dir='ltr'>possemus,</span> <span class='ocrx_word' id='word_1_196' title='bbox 1659 1691 1687 1732; x_wconf 88' lang='lat' dir='ltr'><strong>fi</strong></span> <span class='ocrx_word' id='word_1_197' title='bbox 1718 1690 1855 1732; x_wconf 78' lang='lat' dir='ltr'>scilicet</span> 
     </span>
     <span class='ocr_line' id='line_1_25' title="bbox 593 1754 1855 1807; baseline 0.002 -14"><span class='ocrx_word' id='word_1_198' title='bbox 593 1761 670 1794; x_wconf 82' lang='lat' dir='ltr'>tam</span> <span class='ocrx_word' id='word_1_199' title='bbox 705 1754 817 1807; x_wconf 85' lang='lat' dir='ltr'>longe</span> <span class='ocrx_word' id='word_1_200' title='bbox 848 1768 868 1794; x_wconf 82' lang='lat' dir='ltr'>a</span> <span class='ocrx_word' id='word_1_201' title='bbox 897 1755 1015 1795; x_wconf 82' lang='lat' dir='ltr'>Terra</span> <span class='ocrx_word' id='word_1_202' title='bbox 1062 1754 1153 1795; x_wconf 79' lang='lat' dir='ltr'>effet</span> <span class='ocrx_word' id='word_1_203' title='bbox 1203 1765 1377 1805; x_wconf 84' lang='lat' dir='ltr'>remota,</span> <span class='ocrx_word' id='word_1_204' title='bbox 1429 1764 1473 1794; x_wconf 77' lang='lat' dir='ltr'>vt</span> <span class='ocrx_word' id='word_1_205' title='bbox 1523 1756 1661 1796; x_wconf 86' lang='lat' dir='ltr'>sortem</span> <span class='ocrx_word' id='word_1_206' title='bbox 1695 1754 1855 1795; x_wconf 80' lang='lat' dir='ltr'>satellitis</span> 
     </span>
    </p>
   </div>
   <div class='ocr_carea' id='block_1_3' title="bbox 595 1817 1917 1872">
    <p class='ocr_par' dir='ltr' id='par_1_4' title="bbox 595 1817 1917 1872">
     <span class='ocr_line' id='line_1_26' title="bbox 595 1817 1917 1872; baseline 0.004 -15"><span class='ocrx_word' id='word_1_207' title='bbox 595 1817 739 1857; x_wconf 83' lang='lat' dir='ltr'>Terrae</span> <span class='ocrx_word' id='word_1_208' title='bbox 771 1819 857 1858; x_wconf 73' lang='lat' dir='ltr'>esset</span> <span class='ocrx_word' id='word_1_209' title='bbox 886 1817 1077 1870; x_wconf 79' lang='lat' dir='ltr'>amissura,</span> <span class='ocrx_word' id='word_1_210' title='bbox 1112 1819 1189 1861; x_wconf 85' lang='lat' dir='ltr'>iam</span> <span class='ocrx_word' id='word_1_211' title='bbox 1224 1820 1262 1859; x_wconf 86' lang='lat' dir='ltr'>in</span> <span class='ocrx_word' id='word_1_212' title='bbox 1294 1819 1467 1859; x_wconf 78' lang='lat' dir='ltr'>ordinem</span> <span class='ocrx_word' id='word_1_213' title='bbox 1502 1818 1733 1872; x_wconf 84' lang='lat' dir='ltr'>planetarum</span> <span class='ocrx_word' id='word_1_214' title='bbox 1775 1818 1854 1871; x_wconf 90' lang='lat' dir='ltr'>pri·</span> <span class='ocrx_word' id='word_1_215' title='bbox 1910 1856 1917 1862; x_wconf 90' lang='lat'><strong>.</strong></span> 
     </span>
    </p>
   </div>
   <div class='ocr_carea' id='block_1_4' title="bbox 595 1881 1855 2189">
    <p class='ocr_par' dir='ltr' id='par_1_5' title="bbox 595 1881 1855 2189">
     <span class='ocr_line' id='line_1_27' title="bbox 595 1881 1855 1923; baseline 0.001 -4"><span class='ocrx_word' id='word_1_216' title='bbox 595 1881 803 1921; x_wconf 80' lang='lat' dir='ltr'>mariorum</span> <span class='ocrx_word' id='word_1_217' title='bbox 839 1882 1045 1923; x_wconf 79' lang='lat' dir='ltr'>transitura.</span> <span class='ocrx_word' id='word_1_218' title='bbox 1129 1883 1234 1923; x_wconf 86' lang='lat' dir='ltr'>Tum</span> <span class='ocrx_word' id='word_1_219' title='bbox 1287 1883 1469 1922; x_wconf 82' lang='lat' dir='ltr'>nimirum</span> <span class='ocrx_word' id='word_1_220' title='bbox 1503 1882 1580 1922; x_wconf 84' lang='lat' dir='ltr'>eius</span> <span class='ocrx_word' id='word_1_221' title='bbox 1612 1891 1739 1922; x_wconf 86' lang='lat' dir='ltr'>motus</span> <span class='ocrx_word' id='word_1_222' title='bbox 1770 1892 1855 1921; x_wconf 84' lang='lat' dir='ltr'>me·</span> 
     </span>
     <span class='ocr_line' id='line_1_28' title="bbox 597 1942 1850 1999; baseline 0.003 -19"><span class='ocrx_word' id='word_1_223' title='bbox 597 1942 699 1981; x_wconf 70' lang='lat' dir='ltr'>diam</span> <span class='ocrx_word' id='word_1_224' title='bbox 734 1945 917 1996; x_wconf 77' lang='lat' dir='ltr'>quandam</span> <span class='ocrx_word' id='word_1_225' title='bbox 953 1946 1078 1999; x_wconf 85' lang='lat' dir='ltr'>legem</span> <span class='ocrx_word' id='word_1_226' title='bbox 1117 1949 1330 1999; x_wconf 79' lang='lat' dir='ltr'>sequeretur</span> <span class='ocrx_word' id='word_1_227' title='bbox 1360 1945 1455 1984; x_wconf 86' lang='lat' dir='ltr'>inter</span> <span class='ocrx_word' id='word_1_228' title='bbox 1505 1955 1658 1985; x_wconf 85' lang='lat' dir='ltr'>motum</span> <span class='ocrx_word' id='word_1_229' title='bbox 1709 1944 1850 1984; x_wconf 80' lang='lat' dir='ltr'>satelliti</span> 
     </span>
     <span class='ocr_line' id='line_1_29' title="bbox 599 2005 1851 2062; baseline 0.003 -19"><span class='ocrx_word' id='word_1_230' title='bbox 599 2005 739 2044; x_wconf 69' lang='lat' dir='ltr'>telluris</span> <span class='ocrx_word' id='word_1_231' title='bbox 771 2016 809 2045; x_wconf 88' lang='lat' dir='ltr'>et</span> <span class='ocrx_word' id='word_1_232' title='bbox 843 2018 991 2048; x_wconf 82' lang='lat' dir='ltr'>motum</span> <span class='ocrx_word' id='word_1_233' title='bbox 1028 2010 1199 2062; x_wconf 78' lang='lat' dir='ltr'>planetae</span> <span class='ocrx_word' id='word_1_234' title='bbox 1233 2008 1431 2062; x_wconf 71' lang='lat' dir='ltr'>primarii,</span> <span class='ocrx_word' id='word_1_235' title='bbox 1483 2008 1584 2048; x_wconf 80' lang='lat' dir='ltr'>cuius</span> <span class='ocrx_word' id='word_1_236' title='bbox 1615 2016 1744 2048; x_wconf 84' lang='lat' dir='ltr'>autem</span> <span class='ocrx_word' id='word_1_237' title='bbox 1795 2019 1851 2047; x_wconf 85' lang='lat' dir='ltr'>ra-</span> 
     </span>
     <span class='ocr_line' id='line_1_30' title="bbox 599 2068 1850 2126; baseline 0.002 -19"><span class='ocrx_word' id='word_1_238' title='bbox 599 2068 743 2107; x_wconf 78' lang='lat' dir='ltr'>tionem</span> <span class='ocrx_word' id='word_1_239' title='bbox 775 2069 845 2107; x_wconf 67' lang='lat' dir='ltr'>vix</span> <span class='ocrx_word' id='word_1_240' title='bbox 879 2070 958 2109; x_wconf 56' lang='lat' dir='ltr'>vnn</span> <span class='ocrx_word' id='word_1_241' title='bbox 994 2079 1117 2111; x_wconf 74' lang='lat' dir='ltr'>modo</span> <span class='ocrx_word' id='word_1_242' title='bbox 1136 2071 1338 2126; x_wconf 86' lang='lat' dir='ltr'>perspicere</span> <span class='ocrx_word' id='word_1_243' title='bbox 1356 2072 1486 2112; x_wconf 84' lang='lat' dir='ltr'>liceret</span> <span class='ocrx_word' id='word_1_244' title='bbox 1505 2103 1516 2121; x_wconf 82' lang='grc'><em>,</em></span> <span class='ocrx_word' id='word_1_245' title='bbox 1547 2070 1850 2124; x_wconf 82' lang='lat' dir='ltr'>quandoquidem</span> 
     </span>
     <span class='ocr_line' id='line_1_31' title="bbox 598 2132 1773 2189; baseline 0 -16"><span class='ocrx_word' id='word_1_246' title='bbox 598 2132 994 2187; x_wconf 73' lang='lat' dir='ltr'>approximationibus</span> <span class='ocrx_word' id='word_1_247' title='bbox 1028 2136 1142 2175; x_wconf 81' lang='lat' dir='ltr'>nullus</span> <span class='ocrx_word' id='word_1_248' title='bbox 1171 2136 1332 2189; x_wconf 77' lang='lat' dir='ltr'>amplius</span> <span class='ocrx_word' id='word_1_249' title='bbox 1362 2135 1467 2176; x_wconf 82' lang='lat' dir='ltr'>locus</span> <span class='ocrx_word' id='word_1_250' title='bbox 1497 2135 1773 2188; x_wconf 76' lang='lat' dir='ltr'>reiinqueretur.</span> 
     </span>
    </p>
   </div>
  </div>
 </body>
</html>
