1972 2652
536 164 655 217 *0⁹53ss
686 160 702 219 )
737 174 763 202 0
798 158 814 218 (
847 162 962 215 2202«
1328 168 1358 203 6
1363 176 1389 213 7

126 288 221 316 cem
251 272 460 329 agentibus
480 307 492 328 ,
525 277 633 318 sensu
664 274 840 331 generali
874 275 1023 330 accepti
1056 275 1163 316 vires
1196 274 1392 317 humanas

132 340 218 384 Cel.
260 341 434 382 Austori
482 342 630 384 merito
669 341 943 383 transcendere
984 340 1145 381 videtur
1168 372 1179 392 ,
1220 340 1394 381 tentauit

131 405 239 451 illud
273 406 501 446 restrictum
536 405 690 448 soluere
724 406 852 461 posita
879 403 997 446 massa
1020 406 1139 445 vnius
1169 417 1260 459 prae
1293 404 1395 445 binis

132 469 298 521 reliquis
331 471 619 524 euanescente,
663 482 712 513 vt
751 471 898 512 scilicet
933 470 1162 523 incipiendo
1194 482 1216 509 a
1250 468 1397 509 casibus

132 532 440 586 particularibus
474 538 586 577 viam
616 537 760 577 sternat
791 534 839 575 ad
869 534 1112 576 solutionem
1137 531 1398 586 problematis

131 596 241 636 sensu
283 598 461 648 generali
499 601 687 651 accepti;
738 599 899 636 Verum
950 597 1130 635 restricto
1182 597 1306 634 etiam
1345 595 1400 635 sic

133 658 386 714 problemate
429 670 559 701 tantae
600 659 857 702 difficultates
900 659 940 697 in
974 658 1174 698 solutione
1207 660 1294 700 eius
1327 658 1401 698 sese

131 723 365 765 obtulerant
386 755 396 773 ,
438 733 484 762 vt
518 726 599 775 ipse
632 722 716 762 Cel.
752 722 913 760 Aud'tor
944 721 1087 759 frustra
1126 720 1167 758 in
1202 723 1402 761 euoluen-

133 786 186 828 do
210 799 260 828 eo
291 787 328 827 se
358 782 551 825 desudaffe
584 785 770 825 fateatur.
817 782 975 825 Interea
1008 782 1237 823 obseruauit
1266 783 1401 824 casum

130 861 206 904 per
232 861 362 903 quam
394 847 640 900 singularem
666 857 711 889 et
745 846 984 898 notabilem,
1018 859 1102 900 quo
1128 847 1266 888 Lunae
1293 848 1404 887 eius-

134 912 249 954 modi
280 922 416 953 motus
450 914 639 969 imprimi
674 912 862 967 potuisset
885 943 895 963 ,
933 921 982 952 vt
1016 921 1213 965 perpetuo
1248 910 1317 951 vel
1361 913 1401 952 in

131 968 388 1032 oppositione
425 976 489 1018 vel
524 980 567 1019 in
608 977 907 1019 coniunctione
941 989 1037 1017 cum
1070 975 1163 1018 Sole
1195 975 1403 1030 apparuis-

133 1041 191 1083 set
211 1073 222 1093 ,
252 1041 282 1081 fi
315 1042 362 1082 sc.
398 1041 516 1083 Luna
548 1052 690 1096 quater
724 1044 804 1083 fere
838 1041 1001 1092 longius
1034 1037 1056 1081 a
1088 1041 1199 1081 nobis
1232 1050 1402 1089 remota,

132 1112 177 1142 et
207 1104 245 1140 ei
277 1105 480 1144 eiusmodi
512 1114 654 1143 motus
684 1103 897 1157 impressus
930 1103 1081 1153 fuisset,
1115 1113 1161 1142 vt
1189 1104 1277 1155 pari
1296 1103 1404 1155 paffu

134 1178 232 1207 cum
281 1166 410 1206 Terra
462 1167 505 1205 in
558 1165 680 1216 plano
729 1166 951 1215 Eclipticae
996 1165 1152 1213 ingredi
1196 1166 1404 1217 inciperet.

130 1231 250 1271 ¹:Licet
291 1228 430 1264 sistam
473 1224 720 1278 hypothesin
769 1224 856 1267 Cel.
906 1225 1066 1264 Auctor
1107 1227 1149 1264 in
1201 1227 1404 1268 calculum

127 1288 434 1339 introduxerit,
464 1300 609 1329 veram
642 1286 779 1330 nihilo
814 1289 950 1329 minus
984 1287 1128 1329 exinde
1162 1298 1203 1328 et
1235 1291 1408 1331 minime

137 1355 392 1410 expectatam
424 1349 564 1394 elicuit
604 1353 652 1393 de
684 1352 818 1394 limite
851 1351 1086 1394 Satellitum
1118 1352 1269 1394 Terrae
1304 1368 1405 1396 con-

137 1418 390 1467 clufionem;
431 1429 601 1472 corpora
638 1430 787 1472 nempe
817 1429 920 1471 quae
955 1416 1186 1471 quadruplo
1217 1420 1345 1471 magis
1379 1432 1403 1460 a

137 1485 248 1527 nobis
280 1496 324 1524 ac
355 1482 472 1523 Luna
505 1482 648 1523 distant
690 1483 731 1522 in
767 1493 994 1522 numerum
1027 1480 1281 1536 planetarum
1319 1484 1405 1536 pri·

139 1550 393 1598 mariornm,
443 1546 635 1601 propiora
675 1558 777 1588 vero
819 1546 861 1587 in
901 1558 1127 1587 numerum
1164 1540 1403 1588 satellitum

143 1619 271 1653 terrae
303 1611 507 1652 referenda
541 1611 645 1652 sunt.

297 1676 356 1717 Vt
389 1677 506 1718 Luna
535 1675 748 1716 coniuncta
780 1673 848 1716 vel
881 1672 1065 1728 opposita
1091 1682 1287 1726 perpetuo
1322 1671 1407 1713 Soli

143 1748 301 1779 maneat
327 1771 338 1788 ,
391 1748 529 1778 motus
579 1737 642 1778 illi
695 1738 737 1774 in
791 1737 913 1788 plano
953 1736 1179 1788 Eclipticae
1222 1736 1408 1788 idemque

144 1812 240 1840 cum
273 1799 443 1840 Tellure
479 1798 749 1850 imprimatur
801 1796 948 1837 neceffe
989 1800 1072 1848 est‚·
1123 1798 1262 1852 quodsi
1306 1812 1408 1840 vero

143 1863 217 1904 ille
247 1876 268 1903 a
303 1862 392 1914 lege
442 1858 514 1901 hac
563 1859 760 1914 discrepet
784 1890 795 1910 ,
837 1860 953 1900 Luna
993 1861 1160 1912 exiguas
1202 1863 1408 1903 excurfio-

141 1940 213 1979 nes
242 1926 336 1967 hinc
369 1925 463 1965 inde
493 1921 710 1969 oscillando
743 1932 937 1978 tanquam
962 1924 1158 1966 conficiet.
1210 1924 1296 1967 Cel.
1316 1928 1406 1967 Au·
1441 1935 1443 1937 ’

145 1987 236 2029 c'tor
267 1981 455 2030 naturam
490 1999 651 2042 quoque
681 1999 826 2029 earum
860 1987 1046 2036 adhibitis
1080 1989 1406 2043 approximatio-

145 2053 261 2101 nibus
291 2065 341 2095 eo
361 2085 373 2105 ,
412 2064 497 2107 quo
529 2052 656 2110 pollet
696 2053 912 2109 acumine,
951 2054 994 2097 in
1032 2052 1297 2098 dissertatione
1337 2054 1408 2095 ista

148 2117 346 2160 scrutatus
377 2117 444 2160 est.
1089 2116 1094 2119 '

732 2182 750 2223 i
779 2194 807 2223 2
1205 2180 1407 2223 INDEX
