1972 2652
570 206 659 248 εει
962 183 1442 252 ἢθὲἓξᾲ(ο)ἢὲἓὲ4ἐῡ

853 295 1554 357 DENTALII

617 415 945 468 AMERICANI
969 448 980 471 ,
1015 415 1291 460 INGENTIS
1329 413 1803 472 MAGNITVDIleg

1034 489 1386 535 DESCRIPTIO.

1098 619 1314 665 Austore

822 706 855 748 1.
919 705 967 747 T.
1035 703 1586 750 KOELREVTER.

577 774 802 920 Quum
837 809 1196 866 portentofiffimum
1229 810 1425 851 obied’cum
1449 842 1462 864 ‚
1497 812 1596 851 circa
1632 811 1734 864 quod
1757 820 1842 852 vet-

742 876 837 916 satur
866 875 988 915 nostra
1021 874 1218 914 differtatio
1240 905 1252 927 ‚
1289 875 1329 913 in
1368 873 1664 927 Gazophylacio
1713 885 1845 916 rerum

576 940 801 980 naturalium
835 938 1126 991 Petropolitano
1160 948 1240 974 non
1282 937 1357 975 fine
1396 938 1544 976 summa
1593 936 1845 977 admiratione

577 1003 751 1055 primum
787 1003 998 1042 videremus
1020 1032 1031 1053 ‚
1065 1010 1117 1039 ex
1149 999 1270 1039 forma
1300 999 1379 1039 eius
1401 1030 1412 1048 ,
1444 1011 1518 1052 qua
1551 1000 1687 1042 tubulis
1727 1000 1846 1040 mari-

577 1066 667 1117 nis,
719 1076 813 1118 quos
847 1064 1027 1104 Dentalia
1062 1072 1235 1112 vocant,
1288 1062 1525 1103 simillimum
1573 1063 1654 1112 est,
1702 1063 1846 1104 vermis

577 1126 766 1167 cuiusdam
801 1127 938 1167 marini
972 1125 1233 1166 habitaculum
1275 1125 1365 1166 illud
1414 1126 1540 1166 statim
1591 1127 1846 1179 pronunciare

579 1203 657 1231 non
691 1190 976 1241 dubitauimus3
1009 1198 1067 1241 et,
1098 1188 1215 1229 ecce!
1248 1189 1365 1229 effato
1398 1189 1646 1230 consentanea
1678 1193 1847 1230 omnino

579 1263 659 1295 crat
707 1254 874 1307 relati03
928 1251 1144 1292 sciscitantes
1192 1253 1329 1303 enim,
1380 1253 1485 1292 cuius
1525 1252 1614 1295 effet
1653 1253 1845 1307 originis,

580 1318 721 1357 vermis
754 1316 893 1356 marini
926 1314 1145 1355 Americani
1181 1315 1445 1364 domicilium,
1477 1328 1498 1355 a
1532 1326 1644 1357 nauta
1676 1317 1849 1372 quodam

580 1390 629 1418 ex
684 1381 865 1419 America
915 1377 1271 1430 Archangelopolin
1318 1380 1516 1420 adueetum
1547 1412 1559 1434 ‚
1616 1381 1777 1434 indeque
1824 1391 1848 1421 a

581 1440 638 1483 D.
669 1440 725 1482 D.
764 1441 922 1483 Areskin
945 1473 956 1494 ‚
1012 1440 1173 1481 PETRI
1220 1440 1415 1484 MAGNI
1464 1443 1562 1484 olim
1609 1442 1844 1496 Archiam,

585 1516 674 1545 tunc
704 1505 893 1558 temporis
925 1505 964 1542 in
1001 1502 1190 1542 maritima
1211 1535 1222 1554 ,
1253 1504 1324 1543 hac
1355 1505 1503 1542 ciuitate
1539 1513 1810 1544 commorante
1830 1535 1845 1557 ‚

581 1568 801 1621 Petropolin
834 1568 880 1608 ad
915 1578 1040 1606 rerum
1076 1566 1300 1607 naturalium
1334 1565 1574 1609 Thesaurum
1604 1567 1678 1608 effe
1725 1576 1846 1606 trans-

583 1629 736 1672 missum
757 1662 767 1681 ,
798 1630 1076 1683 comperimus.

729 1695 845 1750 Quod
896 1695 994 1734 inter
1046 1694 1296 1747 quadrupedia
1346 1691 1514 1746 Elephas
1541 1723 1554 1747 ,
1611 1693 1713 1734 inter
1764 1704 1849 1738 aues

585 1758 757 1800 Struthio
781 1784 793 1808 ‚
832 1758 928 1798 inter
959 1757 1154 1810 amphibia
1190 1756 1420 1797 Crocodilus
1443 1788 1453 1808 ,
1488 1756 1586 1797 inter
1619 1755 1734 1809 pisces
1770 1754 1849 1796 Ba-

585 1823 720 1875 laena,
759 1819 891 1862 infesta
943 1821 1042 1860 inter
1083 1820 1280 1862 Scarabeus
1311 1820 1530 1871 Hercules,
1582 1819 1644 1861 hic
1696 1820 1850 1859 Vermis

587 1897 737 1925 vermes
770 1887 866 1925 inter
898 1884 1074 1938 profesto
1105 1885 1189 1938 est3
1225 1885 1435 1925 monstrum
1471 1886 1554 1924 sane
1588 1883 1846 1932 horrendum,

589 1947 640 1987 ast
661 1980 671 1999 ⁷
702 1951 803 2001 quoii
837 1950 1010 1989 dolemus
1033 1979 1045 1999 ,
1093 1961 1113 1988 a
1147 1948 1256 1988 nobis
1286 1960 1363 1987 non
1395 1947 1547 1988 visum:
1601 1948 1714 1987 inane
1763 1956 1849 1998 tan-

588 2019 672 2064 tum
707 2012 759 2049 est
790 2012 1033 2052 domicilium
1057 2042 1070 2066 3
1105 2023 1182 2065 quo
1215 2010 1435 2052 habitatoris
1451 2011 1749 2063 magnitudinem
1770 2020 1849 2050 me«

590 2074 709 2113 timur
728 2103 739 2123 ‚
794 2083 832 2111 et
864 2075 1032 2115 vastitate
1062 2085 1103 2116 et
1136 2075 1312 2116 struetura
1344 2076 1403 2116 sua
1451 2074 1625 2127 singulari
1673 2073 1849 2125 insigne,

590 2147 657 2176 nec
694 2136 739 2176 ad
772 2134 844 2176 alia
876 2136 930 2175 sui
959 2139 1114 2189 quidem
1143 2140 1290 2195 generis
1323 2139 1638 2192 comparandum.

1676 2197 1849 2240 Substan-
