1972 2652
565 236 992 295 W)0(}3ss·-
1337 249 1423 294 ‘63

156 351 379 394 seruationc
410 352 562 393 iudicio
594 352 798 395 lectorum
838 354 1092 398 submitteret
1115 387 1126 407 ‚
1166 367 1251 410 quo
1289 358 1421 401 maior

155 416 253 458 fides
284 428 325 460 et
358 417 562 460 certitudo
592 418 688 473 ipsis
720 420 937 463 obseruatis
970 421 1221 466 concilietur.

751 535 838 578 IV.

152 607 248 668 De
288 607 494 671 effectu
539 614 829 692 parallaxis
878 614 938 670 in
989 612 1252 674 Tranfitu
1303 614 1421 676 Ve-

517 699 663 754 neris
705 715 807 774 per
848 696 1061 753 Solem.

280 787 539 850 Αυξὶοτε
580 786 656 848 G.
703 782 936 847 Heinfio
988 808 1119 870 pag.
1170 808 1289 866 501.

203 931 227 958 n
267 915 536 958 dissertatione
577 915 833 971 praecedente
854 947 866 967 ,
913 918 1029 957 cuius
1069 916 1184 959 istam
1226 923 1422 971 tanquam

232 980 595 1024 Continuationem
626 981 801 1024 Auctori
834 983 1049 1023 nominare
1082 981 1211 1037 placet
1232 1014 1243 1034 ,
1303 982 1422 1023 inue-

147 1046 309 1097 stigauit
342 1046 406 1089 Cl.
444 1045 603 1088 Auctor
634 1058 685 1086 ex
714 1046 1056 1088 obseruationibus
1087 1046 1244 1102 Lipsiae
1274 1045 1423 1089 habitis

149 1107 337 1147 semitam
375 1111 546 1148 Veneris
587 1111 692 1147 intra
734 1110 887 1147 discum
926 1109 1032 1149 Solis
1053 1139 1065 1159 ,
1113 1111 1245 1162 qualis
1294 1122 1421 1163 appa-

151 1170 321 1223 ruiss'et,
362 1170 392 1212 fi
425 1170 496 1211 Sol
529 1178 571 1209 et
607 1170 744 1208 Venus
787 1173 833 1210 ad
877 1171 1084 1210 infinitam
1122 1172 1233 1225 quafi
1270 1173 1419 1214 distan-

152 1236 253 1275 tiam
284 1247 305 1274 a
359 1234 487 1272 Terra
539 1232 690 1272 remoti
725 1232 916 1281 fuissent,
958 1241 1079 1286 atque
1113 1234 1205 1273 inde
1248 1237 1420 1277 conclu-

148 1296 275 1339 fiones
323 1297 412 1337 vsui
458 1295 741 1338 Astronomico
781 1295 1038 1338 inseruientcs
1079 1297 1233 1339 elicuit.
1303 1299 1418 1343 Cum

148 1373 248 1402 vero
281 1359 517 1416 hypothesis
551 1362 619 1403 ista
652 1362 815 1402 veritati
844 1373 924 1402 non
944 1360 993 1402 sit
1009 1361 1288 1416 consentanea,
1316 1375 1418 1406 con-

142 1425 339 1468 clusiones
374 1426 425 1467 ibi
461 1434 596 1467 erutas
630 1426 879 1468 correctione
913 1426 1091 1480 indigere
1132 1427 1244 1471 vltro
1287 1438 1414 1484 patet:

145 1490 373 1533 Parallaxin
407 1492 561 1531 etenim
580 1490 686 1536 Solis
720 1504 789 1533 nec
824 1503 903 1532 non
928 1501 969 1533 et
990 1493 1156 1534 Veneris
1192 1491 1415 1536 sensibilem

145 1555 221 1596 else
255 1554 354 1596 aliae
388 1555 681 1597 obseruationes
711 1559 908 1597 euincunt
928 1587 940 1608 ‚
981 1565 1101 1612 atque
1156 1557 1305 1600 idcirco
1355 1560 1414 1600 se·

144 1619 246 1660 mita
280 1620 450 1661 Veneris
483 1634 505 1661 a
540 1620 759 1675 speetatore
788 1623 830 1663 in
875 1630 1016 1663 centro
1047 1619 1231 1665 Telluris
1265 1623 1415 1667 consti-

145 1693 239 1726 tuto
271 1684 382 1734 visa,
426 1685 587 1738 prorsus
625 1686 776 1727 diuersa
811 1686 924 1726 debet
961 1685 1034 1727 effe
1074 1686 1122 1726 ab
1162 1700 1207 1727 ea
1232 1718 1245 1737 ,
1286 1698 1413 1741 quam

146 1749 256 1788 videt
288 1747 484 1800 spectator
519 1749 560 1787 in
594 1748 803 1799 superficie
831 1746 1017 1787 Telluris
1051 1746 1230 1800 locatus,
1261 1757 1304 1789 et
1336 1763 1414 1805 pro

143 1809 300 1850 diuerso
332 1808 410 1846 situ
445 1807 709 1849 obseruatoris
730 1839 742 1858 ,
776 1809 928 1850 diuersa
962 1822 1124 1864 quoque
1157 1812 1297 1854 semita
1339 1827 1412 1869 ap·-

146 1884 284 1926 parens
318 1870 458 1911 locum
495 1870 634 1911 habeat
667 1871 813 1911 necess‘e
841 1872 907 1912 est.
971 1872 1112 1930 Quam
1136 1873 1188 1915 ob
1209 1888 1296 1916 rem
1313 1889 1414 1918 con-

142 1935 338 1978 clusiones
372 1935 414 1975 in
448 1934 565 1976 vsum
604 1933 938 1976 Astronomicum
978 1948 1031 1979 ex
1070 1937 1412 1983 obseruationibus

143 2001 186 2041 in
220 1998 426 2053 superficie
459 1998 642 2042 Telluris
677 1998 821 2041 habitis
854 2000 1029 2042 deriuari
1065 2014 1147 2043 non
1180 2013 1375 2059 poterunt
1396 2039 1409 2059 ‚

143 2063 219 2105 nifi
253 2075 320 2105 eae
355 2064 466 2119 prIus
500 2065 548 2106 ad
589 2073 776 2106 centrum
819 2063 999 2107 Telluris
1040 2067 1309 2110 reducantur:
1359 2071 1409 2113 Id

142 2128 249 2182 quod
280 2139 331 2168 eo
364 2129 542 2169 curatius
568 2129 754 2184 praestari
787 2129 954 2182 poterit,
984 2142 1068 2185 quo
1105 2133 1301 2178 exactiori
1334 2146 1408 2177 co-

142 2192 327 2244 gnitione
360 2191 604 2248 parallaxeos
635 2191 739 2236 Solis
772 2192 954 2237 instructi
984 2196 1194 2240 fuerimus.

1291 2263 1411 2321 Quo·-
