1972 2652
497 182 617 235 »32:ss
648 179 664 230 (
699 192 729 224 0
764 181 777 235 )
806 180 923 233 21030·
1254 189 1339 228 261

323 289 388 350 T
431 289 483 349 E
524 289 582 349 N
625 290 690 349 T
734 290 795 350 A
838 289 907 349 M
949 287 999 348 E
1043 289 1100 350 N

235 383 328 429 DE
373 383 577 429 soNo
627 381 1210 430 CAMPANARVM.

607 490 822 532 Aua-ore

463 571 510 613 L.
575 572 613 613 E
645 571 685 613 V
713 571 749 613 L
786 571 824 613 E
851 571 887 614 R
914 569 968 613 O.

693 665 731 694 1.

76 719 214 835 Inter
245 742 289 772 ea
320 743 513 786 corpora.
562 743 661 785 quae
701 729 870 785 percussa
907 728 1237 778 contremiscunt,
1283 730 1346 769 so-

160 806 324 847 numque
364 797 506 846 edunt‚
536 794 672 835 cordae
701 795 825 835 tenfite
875 803 914 834 et
966 793 1130 834 laminae
1177 791 1346 833 clasticae

74 857 185 898 omni
216 869 304 898 cura
336 856 414 898 sunt
448 858 666 912 exploratae
687 889 698 910 ‚
725 870 819 912 quae
852 857 1086 911 inuestigatio
1117 868 1137 896 a
1168 851 1345 896 Geome-

75 920 142 960 tris
174 932 223 960 eo
257 921 469 975 diligentius
500 921 552 962 est
584 921 766 975 suscepta,
797 922 899 975 quod
930 934 1010 962 non
1028 920 1147 961 solnm
1169 919 1346 971 Phyficae

74 983 258 1037 insignem
307 985 593 1026 illustrationem
648 985 776 1025 afferat
805 1017 817 1036 ‚
877 984 935 1025 led
985 985 1103 1025 etiam
1154 983 1345 1037 principiis

74 1048 274 1088 Acusticae
306 1057 345 1088 et
381 1048 544 1088 Musicae
576 1048 801 1088 stabiliendis
833 1047 1021 1088 inseruiat.
1087 1046 1191 1101 Quin
1225 1047 1342 1085 etiam

73 1107 248 1150 Celebris
280 1110 594 1151 harmonicorum
628 1119 881 1150 concentuum
925 1108 1058 1149 artifex
1095 1111 1139 1149 de
1172 1109 1344 1152 Rameau

75 1173 116 1212 in
150 1173 227 1213 hoc
257 1173 323 1214 fibi
363 1185 494 1214 verum
545 1173 766 1213 harmoniae
819 1172 1106 1214 fundamentum
1159 1169 1344 1212 detexisse

76 1236 253 1287 videtur,
305 1237 406 1289 quod
440 1236 613 1289 pleraque
647 1247 806 1289 corpora
840 1234 1009 1288 perculsa
1056 1234 1185 1287 plures
1233 1232 1344 1274 fimul

74 1297 185 1340 sonos
218 1299 330 1339 edere
363 1298 713 1351 deprehendantur,
747 1309 825 1350 quo
858 1297 1134 1351 phaenomeno
1168 1306 1341 1336 naturam

74 1363 181 1402 nobis
213 1362 330 1415 ipsam
364 1364 470 1401 (onos
504 1361 749 1401 harmonicos
780 1360 965 1401 declarare
986 1368 1104 1413 putat.
1142 1360 1342 1412 Tanquam

71 1425 302 1478 principium
336 1424 441 1464 enim
477 1424 630 1465 assumit
654 1455 664 1470 ‚
705 1436 799 1478 quos
828 1425 936 1465 sonos
967 1424 1072 1464 idem
1114 1435 1250 1477 corpus
1287 1421 1344 1461 so-

72 1498 203 1528 norum
240 1487 452 1541 perculsum
487 1488 720 1529 coniumstim
757 1488 939 1542 producat
957 1520 970 1540 ,
1000 1499 1065 1527 eos
1105 1499 1177 1541 pro
1210 1486 1346 1527 conso-

73 1551 129 1590 nis
160 1552 232 1591 effe
265 1551 470 1593 habendos.
535 1551 601 1592 De
634 1552 760 1592 cordis
789 1552 944 1605 quidem
988 1550 1096 1590 tensis
1136 1548 1344 1589 Celeberri-

74 1624 156 1652 mus
192 1613 375 1654 Bernoulli
408 1615 614 1655 luculenter
646 1614 809 1655 ostendit
828 1646 839 1665 ,
887 1613 1084 1667 quomodo
1133 1612 1180 1652 ab
1220 1612 1265 1650 iis
1296 1610 1342 1651 si-

75 1674 158 1714 mul
175 1677 251 1714 duo
286 1676 407 1727 plures
428 1690 473 1715 ve
507 1678 585 1717 soni
618 1677 679 1717 edi
709 1687 862 1730 queant,
896 1677 957 1729 qui
988 1675 1187 1715 sticundum
1222 1675 1342 1714 inter·

75 1737 170 1777 valla
213 1737 376 1777 consona
415 1739 605 1787 oc'tauae,
644 1741 795 1791 quintae
846 1751 889 1779 ac
937 1740 1063 1778 tertiae
1115 1737 1338 1789 discrepent.

73 1800 333 1842 Instrumentis
368 1814 485 1854 porro
520 1802 666 1843 musicis
688 1832 698 1850 ‚
730 1814 822 1854 quae
854 1802 983 1842 inflatu
1012 1800 1227 1851 uastantur,
1247 1800 1339 1839 haec

73 1865 207 1917 opinio
242 1863 401 1905 mirifice
438 1865 661 1905 confirmari
705 1865 886 1916 videtur,
940 1867 1032 1905 dum
1083 1864 1192 1915 soni,
1242 1873 1338 1916 qnos

73 1928 323 1969 diuersimode
355 1929 479 1969 inflata
513 1930 625 1969 edere
660 1929 808 1977 solent,
859 1928 1054 1969 secundum
1094 1927 1227 1967 seriem
1266 1938 1336 1966 nu·

74 2003 269 2031 merorum
308 1992 522 2032 naturalium
565 2005 620 2041 1,
662 2006 685 2032 2
707 2024 717 2041 ‚
754 2005 775 2041 3
797 2020 808 2042 ‚
844 2006 872 2042 4
894 2023 905 2041 ‚
941 1991 1335 2044 etc-progrediuntur.

76 2056 180 2095 Tum
234 2068 328 2095 vero
367 2057 483 2096 etiam
519 2057 556 2096 in
588 2057 783 2109 cnmpanis
816 2053 946 2096 Celeb.
980 2055 1025 2096 de
1059 2055 1228 2095 Rameau
1261 2065 1333 2093 va⁴

75 2119 151 2158 rios
186 2121 291 2160 sonos
324 2119 429 2160 fimul
477 2120 509 2159 ste
542 2121 667 2160 audire
703 2117 931 2171 profitetur,
963 2119 1061 2160 inter
1092 2129 1186 2172 quos
1219 2117 1334 2169 potis·

668 2184 702 2225 K
722 2184 745 2224 k
782 2196 804 2234 3
1197 2180 1333 2219 fimum
