1972 2652
467 206 982 254 CORPORIS„
1289 223 1378 263 209

273 337 316 375 v4¹
354 323 469 379 Quod
503 324 529 366 fi
558 323 666 365 Luna
696 325 838 365 Terrae
871 323 968 364 effer
995 320 1177 375 vicinior,
1194 334 1306 377 quam
1338 336 1381 365 re

119 400 212 431 vera
244 389 297 430 est
317 419 330 440 ‚
360 390 420 428 vis
452 389 672 443 perturbans
714 402 734 430 a
777 387 867 429 Sole
902 387 1070 441 profecta
1118 386 1380 440 minueretur,

121 453 281 505 ideoque
315 452 419 494 Luna
453 454 489 492 in
525 462 637 492 motu
672 454 735 493 suo
766 453 861 492 circa
889 451 1051 491 Terram
1086 450 1254 491 emenus
1287 450 1385 504 leges

123 515 373 570 Keplerianas
405 517 643 570 sequeretur3
677 515 925 557 aberrationes
957 525 1082 556 autem
1116 514 1250 554 facilius
1300 526 1383 554 cer-

114 579 269 632 ·tiusque
299 579 554 620 definirentur.
593 580 686 635 Quo
719 579 866 631 longius
900 586 1024 618 autem
1044 577 1193 618 Lunam
1222 589 1242 617 a
1263 577 1384 618 Terra

122 643 316 683 remoueri
346 642 532 696 fingamus
550 672 560 686 ‚
591 654 639 682 eo
669 645 828 682 maiores
880 641 1131 681 aberrationes
1170 642 1250 681 eius
1297 652 1386 682 mo-

119 713 205 745 ·tum
240 707 498 759 inquinabunt,
533 705 654 757 quoad
685 706 722 743 in
755 703 939 742 eiusmodi
958 703 1152 753 regionem
1177 704 1385 756 perueniat,

122 769 188 808 vbi
206 769 265 808 vis
284 770 328 808 ad
345 768 477 808 Solem
507 768 662 806 tendens
681 766 842 805 multum
862 765 1007 816 superet
1028 765 1107 803 vim
1130 763 1286 815 Terrae,
1314 766 1385 805 ibi-

121 842 192 883 que
225 829 323 883 quasi
379 829 539 868 Terram
573 828 741 868 deserens
761 857 774 877 ‚
807 827 966 879 incipiet
1013 828 1204 867 rationem
1253 838 1384 868 motus

120 893 356 947 planetarum
392 891 659 946 primariorum
690 891 822 944 sequi,
868 902 1002 931 verum
1039 900 1168 931 tamen
1201 891 1383 944 quasdam

119 956 243 997 adhuc
274 956 571 1009 perturbationes
603 967 624 995 a
655 955 697 995 vi
728 955 873 994 Terrae
909 954 1088 1006 patietur,
1117 967 1207 1007 quis
1238 955 1388 1006 denuo,

116 1019 182 1060 sed
215 1020 290 1059 alio
324 1020 458 1069 modo,
476 1030 546 1070 per
577 1017 935 1071 approximationes
966 1017 1183 1068 inuestigare
1219 1018 1382 1071 licebit,

121 1084 281 1134 perinde
312 1093 356 1121 ac
390 1081 686 1134 perturbationes
718 1081 757 1119 in
807 1079 972 1121 motibus
1014 1079 1257 1132 planetarum
1309 1079 1382 1134 pri-

121 1144 336 1186 mariorum
370 1143 632 1196 repraesentari
666 1142 794 1184 solent.

273 1217 320 1263 ς.
354 1206 487 1248 Motus
518 1215 648 1246 aurem
674 1206 805 1246 Lunae
840 1205 1011 1246 maxime
1042 1205 1135 1247 foret
1169 1208 1386 1249 indetermi-

118 1269 269 1321 nabilis,
301 1271 325 1311 fi
359 1277 486 1323 quater
519 1268 582 1307 vel
613 1267 808 1320 quinquies
837 1279 859 1307 a
892 1269 1012 1309 Terra
1047 1271 1167 1321 magis
1196 1272 1282 1310 effer
1321 1282 1385 1311 re-

119 1344 247 1383 mota,
279 1345 393 1386 quam
430 1343 469 1370 re
487 1343 578 1370 vera
614 1330 689 1379 est,
723 1343 764 1370 ac
800 1331 824 1371 fi
856 1331 1018 1371 creatori
1053 1330 1236 1382 libuiii‘et,
1256 1332 1384 1373 Lunae

115 1406 271 1436 motum
307 1397 344 1434 in
379 1393 442 1435 tali
475 1396 629 1446 regione
657 1390 848 1447 assignare,
883 1394 1108 1435 Astronomi
1140 1405 1242 1435 certe
1275 1396 1385 1437 miris

115 1458 246 1498 modis
278 1458 316 1497 in
350 1458 426 1498 eius
458 1457 759 1509 inuestigatione,
781 1467 824 1498 ac
856 1456 1008 1498 fortaffe
1043 1458 1081 1497 in
1115 1459 1384 1510 cassum,defa-

115 1520 348 1574 rigarentur,
381 1521 446 1574 qui
479 1532 570 1561 cum
604 1532 704 1560 nunc
737 1521 816 1561 sme
850 1520 996 1562 anxilio
1028 1521 1221 1562 Theoi-iae
1253 1522 1384 1562 locum

119 1583 251 1624 Lunae
281 1586 327 1625 ad
361 1585 489 1624 datum
533 1593 687 1636 tempus
729 1584 806 1624 fine
854 1583 1015 1623 notabili
1047 1595 1176 1623 errore
1224 1584 1385 1625 definire

121 1645 221 1686 haud
256 1649 462 1700 potuerint,
495 1658 544 1686 eo
570 1648 654 1685 vcain
683 1647 834 1699 semper
866 1646 905 1685 iu
934 1645 1061 1685 Lunae
1095 1647 1183 1686 locis
1199 1646 1384 1699 affignaw

122 1709 180 1750 dis
215 1721 391 1748 enormes
425 1721 571 1749 errores
601 1709 713 1747 effe—nt
746 1709 1017 1757 commissuri,
1051 1709 1193 1749 etiamsi
1235 1708 1384 1752 fortasse

118 1770 410 1811 innumerabiles
448 1771 729 1810 *obseruationes
775 1771 1018 1823 collegissent.
1110 1772 1220 1828 Quin
1264 1773 1384 1814 etiam

124 1846 172 1875 ne
204 1833 368 1887 suspicari
400 1833 553 1886 quidem
591 1833 705 1882 licet,
743 1834 891 1885 qualem
928 1835 1091 1874 formam
1128 1845 1208 1875 tum
1253 1835 1388 1876 tabulis

119 1896 402 1939 Astronomicis
433 1897 557 1937 induci
590 1896 841 1949 conueniret3
875 1909 994 1951 neque
1027 1906 1156 1950 patet,
1185 1898 1383 1951 quomodo

121 1959 245 2004 tabula
279 1960 499 2000 mediorum
525 1969 708 2011 >motuum
743 1960 902 2001 construi
936 1970 1078 2014 queat,
1111 1973 1197 2001 cum
1230 1973 1293 2001 eos
1311 1974 1383 2001 ne·

125 2036 197 2079 que
228 2023 275 2064 ad
310 2023 488 2075 Terram,
522 2035 643 2076 neque
679 2023 724 2063 ad
756 2020 906 2073 Solem,
940 2023 1076 2064 referre
1104 2024 1232 2078 liceat,
1260 2024 1384 2066 multo

120 2088 250 2130 minus
282 2085 527 2139 intelligitur,
559 2087 778 2139 quibusnam
813 2087 1043 2140 argumentis
1074 2100 1150 2142 pro
1182 2088 1385 2129 anomaliis

119 2150 345 2193 definiendis
380 2149 468 2191 effet
498 2151 695 2192 Vtendum.
736 2149 796 2194 Ita
828 2160 1007 2205 tanquam
1039 2152 1229 2194 eximium
1251 2151 1385 2191 Astro-

187 2213 378 2273 350qu.
392 2214 496 2257 Nou.
507 2212 672 2256 Comm.
939 2212 984 2258 D
1000 2215 1026 2258 d
1227 2213 1381 2256 nomiae
