1972 2652
498 231 615 285 aava
646 230 661 288 )
696 244 723 274 0
759 230 773 287 (
807 231 922 285 aaa
1294 242 1349 272 υ

100 346 205 400 giter
238 343 522 400 compensauit.
590 347 737 400 Longo
769 348 897 401 postea
931 343 1143 387 interiecto
1169 351 1356 397 tempore

102 411 260 452 Auctor
296 410 444 451 harum
482 411 801 453 dissertationum
842 413 883 452 in
922 413 1065 453 eodem
1108 408 1357 464 problemate

100 476 327 517 euoluendo
386 477 598 517 summum
652 477 827 518 studium
869 475 1116 526 collocauit‚
1167 483 1208 514 et
1259 485 1355 514 cum

98 539 366 595 perspexisset‚
383 553 524 582 omnes
564 541 687 582 huius
719 542 876 594 generis
915 542 1158 595 quaestiones
1199 550 1249 577 eo
1290 549 1357 576 re·

96 603 183 644 dire
205 636 216 655 ‚
247 614 295 645 vt
328 606 527 648 eiusmodi
560 607 664 648 linea
696 618 821 646 curua
862 608 1098 658 aequatione
1138 604 1245 643 inter
1284 613 1358 642 co-

95 669 292 708 ordinatus
324 682 353 709 x
386 680 427 710 et
441 685 476 722 y
510 671 771 723 exprimenda
791 667 1075 717 inuestigetur‚
1110 666 1150 704 in
1169 675 1247 717 qua
1265 664 1356 704 talis

93 731 271 772 formula
302 731 507 782 integralis
530 733 567 783 s
580 733 617 769 V
637 730 709 767 dx
747 729 1112 782 quomodocunque
1153 728 1356 780 quantitas

94 794 136 834 V
170 806 239 847 per
273 805 302 833 x
335 800 376 831 et
395 806 428 844 y
470 793 590 832 fuerit
630 793 718 832 data
740 823 752 844 ‚
804 792 1037 832 maximum
1077 791 1356 832 minimumue

91 856 275 899 valorem
305 856 491 897 obtineat.
576 855 700 898 Nunc
742 865 881 897 autem
915 858 1078 897 euidens
1121 854 1175 894 est
1209 856 1251 895 in
1288 856 1355 896 ista

93 923 315 975 quantitate
350 921 389 961 V
421 921 627 962 infinitam
663 922 902 962 varietatem
921 920 1058 962 locum
1075 918 1217 960 habere
1234 917 1355 973 poss‘e,

91 993 216 1039 prout
250 984 292 1024 in
325 995 417 1023 eam
450 993 609 1038 praeter
644 985 743 1038 ipsas
775 985 983 1027 variabiles
1009 998 1038 1027 x
1071 994 1113 1024 et
1131 998 1164 1034 y
1184 993 1268 1024 tam
1287 995 1357 1025 ea·

88 1060 186 1089 rum
218 1049 497 1090 differentialia
531 1050 804 1103 cuiuscunque
837 1050 989 1091 ordinis
1009 1082 1020 1101 ,
1061 1061 1186 1103 quam
1229 1060 1357 1088 nouae

93 1113 253 1163 insuper
303 1113 504 1152 formulae
564 1113 776 1163 integrales
816 1115 1113 1166 ingrediuntur.
1199 1111 1355 1167 Quodsi

93 1172 175 1211 iam
209 1170 425 1209 solutiones
466 1170 750 1209 Bernoullianae
790 1174 838 1210 ad
881 1175 982 1213 hanc
1027 1186 1216 1214 normam
1258 1187 1356 1215 exa·

91 1235 333 1281 minentur,
372 1241 438 1269 eae
472 1237 634 1270 tantum
665 1230 712 1269 ad
747 1242 811 1270 eos
841 1232 961 1282 casus,
978 1234 1121 1286 quibus
1154 1238 1356 1286 quantitas

95 1298 135 1338 V
167 1296 246 1339 sola
279 1292 556 1335 differentialia
608 1293 735 1348 primi
769 1295 913 1346 gradus
965 1295 1147 1337 inuoluit
1169 1328 1180 1348 ,
1219 1298 1357 1339 restri-

91 1361 176 1402 stae
208 1359 493 1413 reperiuntur,
523 1371 566 1398 ac
601 1366 798 1412 praeterea
831 1361 958 1413 casus,
991 1362 1135 1415 quibus
1158 1362 1198 1401 in
1225 1375 1355 1416 quan·

95 1427 211 1467 titate
246 1425 286 1465 V
318 1435 446 1464 nouae
482 1423 679 1465 formulae
714 1424 926 1477 integrales
966 1426 1122 1480 insunt,
1156 1426 1246 1467 inde
1281 1439 1357 1481 pe-

92 1492 200 1531 nitus
231 1488 506 1530 excluduntur
529 1519 540 1540 ,
576 1488 816 1543 pauciffimis
848 1491 1024 1544 exceptis
1049 1522 1060 1541 ‚
1106 1502 1206 1546 quos
1242 1490 1355 1533 facile

93 1568 171 1609 pro
200 1553 334 1596 indole
367 1553 604 1606 quaestionis
639 1553 685 1594 ab
717 1552 794 1595 hoc
830 1557 1093 1597 incommodo
1120 1555 1284 1597 liberare
1299 1555 1356 1596 li-

89 1629 166 1660 cet.
230 1620 349 1660 Hunc
385 1620 513 1671 igitur
542 1618 743 1660 defectum
777 1622 907 1661 noster
941 1620 1102 1660 Auctor
1135 1619 1355 1660 felicissime

90 1696 187 1725 cum
220 1684 262 1724 in
297 1682 360 1723 his
389 1684 719 1736 Commentariis,
738 1692 830 1724 tum
864 1686 906 1726 in
940 1696 1060 1737 opere
1091 1684 1283 1735 singulari
1301 1685 1353 1725 de

91 1747 170 1789 hoc
211 1758 454 1799 argumento
494 1749 603 1788 edito
624 1779 634 1797 ‚
668 1747 874 1800 suppleuit
895 1780 906 1798 ‚
938 1758 986 1786 vt
1021 1749 1094 1788 vix
1132 1749 1352 1802 quicquam

94 1812 202 1863 quod
233 1812 409 1860 amplius
439 1809 644 1846 desiderari
679 1817 798 1859 queat
821 1839 832 1857 ,
865 1810 1097 1859 reperiatur.
1177 1813 1353 1853 Interim

93 1882 229 1914 tamen
264 1871 344 1922 ipfa
378 1868 593 1908 methodus
615 1898 625 1917 ‚
658 1868 813 1908 etiamsi
848 1868 984 1909 totum
1017 1872 1229 1922 negotium
1264 1876 1354 1915 satis

94 1935 278 1990 expedite
311 1931 498 1972 conficiat
522 1962 533 1982 ‚
567 1940 702 1972 tamen
736 1931 810 1985 ipsi
846 1946 923 1974 non
960 1933 1048 1973 satis
1083 1934 1274 1975 naturalis
1299 1939 1354 1979 est

92 2001 197 2051 visa,
227 2007 434 2052 propterea
466 1996 574 2050 quod
607 1997 668 2036 vis
701 1995 908 2038 solutionis
942 2007 1025 2038 tota
1059 1999 1100 2038 in
1132 1999 1356 2042 confidera·

96 2065 207 2104 tione
240 2060 538 2102 elementorum
571 2072 716 2102 curuae
752 2062 1045 2114 inuestigandae
1079 2074 1162 2105 erat
1205 2067 1354 2119 posita,

98 2129 178 2181 ipsa
212 2138 312 2168 vero
344 2126 519 2180 quaestio
551 2124 660 2167 filcile
700 2127 755 2166 ita
798 2127 979 2168 adornari
1021 2128 1170 2181 possit,
1212 2138 1259 2169 vt
1299 2142 1354 2174 ex

100 2190 336 2235 Geometria
370 2190 532 2246 penitus
565 2192 612 2233 ad
655 2189 780 2232 solam
815 2191 1013 2246 Analysm
1051 2204 1197 2249 puram
1229 2206 1354 2236 reuo-

704 2254 729 2296 b
764 2268 789 2295 2
1225 2267 1358 2303 cetur.
