1972 2652
524 206 641 259 ”3⁹22ss
674 210 689 258 )
723 218 751 247 0
783 206 798 255 (
831 205 948 258 ἓέτὲω
1321 216 1380 256 39

116 318 245 360 sedere
282 317 474 373 possimus
496 348 509 370 ,
560 330 661 374 quae
711 318 842 372 igitur
885 319 938 361 est
990 317 1071 374 ipsa
1123 317 1374 372 inspicienda.

115 383 222 424 Haec
273 383 458 424 machina
507 381 788 426 Smeatoniana
842 383 888 424 ad
938 383 1105 437 scopum
1157 384 1277 423 suum
1329 384 1377 423 ab

114 449 298 489 Αιιόὶοῑε
326 449 378 490 est
410 449 723 489 accommodata.
790 448 897 489 Tota
931 449 1057 500 igitur
1102 446 1287 489 machina
1326 458 1378 488 ex

114 511 383 554 instrumento
415 513 687 567 Bouguerlam,
704 520 744 552 et
770 511 1056 554 Smeatoniano
1089 513 1145 552 ita
1180 512 1233 552 est
1260 523 1377 551 com-

114 575 239 629 posita
259 607 270 627 ‚
301 586 350 617 vt
383 577 584 617 mediante
616 575 816 617 confibula
850 586 1183 614 anemometrurn
1206 574 1374 626 Bougue·

113 640 260 680 rianum
294 640 400 693 parti
432 640 629 695 superiori
650 637 857 679 machinae
875 636 1099 679 Smeatonii
1121 637 1170 676 sit
1187 637 1378 688 affixum,

113 702 182 739 vbi
217 703 350 752 figura
383 705 463 750 ipsa
499 704 550 738 est
584 701 841 748 inspicienda.
890 699 1041 734 Vnicae
1071 700 1272 736 eiusmodi
1290 712 1378 740 ma-

111 763 252 803 chinae
283 760 442 802 auxilio
468 759 777 801 innumerabilia
805 769 1082 799 anemometra
1115 757 1375 801 velocitatem

110 834 332 868 ventorum
362 825 582 868 absolutam
618 823 858 875 indicantia,
887 822 1032 866 confici
1051 833 1092 864 et
1111 824 1244 865 vbiuis
1263 826 1377 866 mitti

110 888 219 945 posse
249 890 361 931 facile
393 888 654 941 intelligitur.

257 955 384 998 Potest
420 955 503 1010 post
537 964 700 1009 tempus
730 951 894 1007 aliquod
914 952 1230 1009 praeterlapsum
1249 953 1373 994 elater

109 1015 265 1071 spiralis
298 1019 387 1061 fieri
420 1020 709 1074 imperffistior.
774 1016 1083 1059 Verificandum
1126 1019 1254 1071 igitur
1294 1017 1375 1060 hoc

110 1081 429 1121 instrumentum
461 1086 539 1121 erit
560 1112 572 1132 ‚
605 1092 645 1120 et
676 1081 974 1132 explorandum
996 1111 1007 1129 ‚
1041 1096 1092 1121 an
1123 1082 1250 1122 elater
1290 1083 1373 1137 spi-¹

110 1142 205 1184 ralis
235 1144 281 1185 ab
313 1143 539 1185 clasticitate
573 1144 639 1182 sua
673 1143 825 1192 aliquid
859 1143 1051 1183 amiserit.

255 1207 376 1263 Quod
408 1205 617 1263 quomodo
646 1203 695 1246 sit
728 1203 973 1256 faciendum,
989 1202 1147 1246 vltimo
1176 1202 1269 1248 loco
1297 1216 1375 1265 ex·¹

109 1270 289 1326 ponitur.

1166 2200 1358 2249 PHYSI-
