1972 2652
598 236 656 275 52
960 218 1496 264 ELEMENTA

593 341 740 380 tionem
778 341 1078 390 parametrorum
1114 334 1250 375 resolui
1297 333 1471 375 dicuntur
1494 367 1505 386 ,
1552 335 1858 390 quandoquidem

592 402 822 444 vari-abilina
855 399 1059 452 parametri
1093 410 1233 439 omnes
1270 398 1350 438 illas
1398 399 1687 440 innumerabiles
1731 412 1844 440 curua

591 465 796 520 proposita>
827 462 1108 514 complectitur.
1171 462 1263 517 Qio
1292 471 1420 502 autem
1455 463 1585 503 clarius
1621 463 1863 516 perspiciatur

592 529 822 583 principium
847 557 858 575 ,
889 537 940 564 ex
970 538 1052 578 quo
1079 524 1296 566 huiusmodi
1331 525 1609 578 problematum
1642 527 1774 567 solutio
1805 525 1859 567 est

594 593 758 646 petenda
780 619 793 640 ‚
847 589 1038 642 proposita
1089 589 1132 629 sit
1179 589 1359 642 aequatio
1392 602 1631 643 quaecunque
1664 590 1761 629 inter
1793 588 1859 628 ab·

592 655 732 695 sciflam
766 666 794 694 x
826 663 865 692 et
897 654 1128 706 applicatam
1167 665 1217 704 y,
1267 663 1362 705 quae
1413 653 1560 706 inluper
1610 654 1859 706 quantitatem

592 718 828 759 constantem
860 728 886 755 a
921 726 1177 767 parametrum
1224 715 1439 756 vocandam
1487 717 1710 770 contineat3
1762 726 1859 769 quae

593 784 777 833 quamdiu
807 780 972 817 eundem
1006 779 1181 817 valorem
1223 780 1389 829 retinet,
1443 783 1614 832 aequatio
1664 779 1860 833 praebebit

594 855 712 884 'mim
762 841 950 895 quandam
985 841 1126 881 lineam
1161 853 1313 881 curuam
1337 873 1348 893 ,
1397 853 1529 882 verum
1562 843 1592 883 fi
1622 843 1692 895 ipsi
1722 855 1750 881 a
1779 843 1864 882 suc·

592 906 726 948 cessiue
759 907 818 946 ahi
851 914 961 958 atque
995 905 1055 945 alii
1090 905 1232 946 valores
1264 905 1501 956 tribuantur,
1543 905 1636 945 aliae
1670 905 1862 945 continuo

592 970 714 1010 lineae
745 982 875 1009 curuae
909 969 1090 1009 orientur.
1155 968 1300 1021 Quodsi
1335 969 1411 1008 iam
1443 969 1607 1022 quaestio
1639 969 1738 1009 circa
1757 981 1862 1009 arcus

594 1032 728 1073 hatum
764 1045 958 1072 cnruarum
995 1031 1157 1072 versetur
1178 1062 1189 1082 ‚
1220 1032 1399 1084 quoniam
1429 1033 1602 1084 cuiusque
1636 1045 1770 1072 curuae
1803 1044 1861 1072 ar-

594 1107 656 1135 cus
692 1107 757 1146 per
778 1089 1132 1147 sV(dx²-}-dy²)
1166 1095 1430 1145 exprimitur,
1468 1095 1505 1132 in
1538 1106 1608 1145 qua
1643 1095 1863 1146 integratio-

594 1170 641 1198 ne
677 1169 890 1211 parameter
921 1169 946 1197 a
978 1169 1050 1210 pro
1081 1156 1263 1196 constanti
1295 1156 1517 1208 assumitut3
1569 1165 1694 1196 totum
1742 1169 1861 1210 nego-

595 1221 692 1261 tium
727 1221 801 1260 huc
836 1220 929 1259 redit
950 1250 965 1270 ‚
998 1229 1044 1258 vt
1075 1219 1257 1258 formulae
1289 1218 1477 1270 integralis
1497 1219 1528 1271 J
1543 1214 1858 1276 V(dx²÷dy²)

595 1284 876 1324 incrementum
911 1281 1138 1332 definiatur,
1169 1279 1271 1333 quod
1304 1281 1469 1333 accipit,
1503 1282 1594 1321 dum
1630 1283 1667 1321 in
1699 1294 1742 1322 ea
1774 1284 1862 1324 loco

596 1347 816 1400 quantitatis
848 1358 873 1384 a
905 1346 1043 1384 eadem
1074 1343 1138 1384 suo
1170 1344 1407 1383 incremento
1438 1343 1496 1383 da
1528 1345 1637 1385 aue'ta
1671 1345 1862 1386 substitua-

598 1419 668 1450 tur.
755 1406 978 1448 Generatim
1029 1408 1140 1460 igitur
1189 1407 1217 1448 si
1266 1407 1354 1446 Ioco
1387 1420 1488 1448 arcus
1520 1409 1588 1450 alia
1618 1420 1861 1462 quaecunque

597 1471 785 1526 expreffio
818 1472 1003 1525 integralis
1021 1468 1172 1523 sde
1201 1470 1407 1521 tractetur,
1446 1484 1539 1524 quae
1572 1473 1771 1524 integratio
1805 1483 1861 1512 ex

599 1538 682 1576 data
717 1537 815 1575 inter
846 1547 871 1575 x
904 1546 942 1575 et
970 1549 994 1582 y
1028 1536 1247 1587 aequatione
1282 1533 1325 1573 sit
1362 1534 1600 1574 conficienda
1623 1566 1635 1585 ,
1683 1547 1858 1588 parame-

598 1609 659 1638 tro
691 1611 717 1638 a
751 1612 821 1652 pro
854 1598 1033 1639 constanti
1066 1597 1212 1649 habita3
1245 1598 1431 1651 quaeritur
1463 1608 1642 1651 quantam
1678 1599 1861 1639 variatio.

598 1675 689 1701 nem
725 1664 858 1702 eadem
891 1661 1077 1714 expressio
1095 1657 1256 1713 sde
1284 1661 1360 1701 iam
1395 1660 1573 1714 integrata
1603 1662 1646 1701 sit
1682 1659 1828 1716 passura
1847 1695 1857 1712 ,

597 1726 622 1766 fi
658 1727 695 1765 in
730 1726 955 1778 aequatione
987 1726 1085 1764 inter
1116 1736 1143 1764 x
1172 1733 1212 1764 et
1231 1738 1265 1775 y
1306 1724 1390 1763 data
1442 1734 1657 1776 parametet
1705 1737 1732 1765 a
1782 1720 1863 1764 ele-

599 1801 731 1829 mento
763 1789 822 1829 da
856 1797 1043 1840 augeatur.
1137 1786 1292 1826 Eodem
1325 1786 1558 1825 referendum
1610 1786 1665 1826 est
1713 1787 1861 1826 celebre

599 1853 688 1892 illud
739 1852 1036 1891 traice'toriarum
1070 1849 1384 1902 orthogonalium
1421 1849 1623 1902 problema
1644 1879 1661 1901 ‚‚
1710 1850 1752 1889 in
1783 1862 1862 1903 quo

599 1916 717 1953 etiam
769 1915 937 1953 infinitae
988 1913 1103 1953 lineae
1136 1925 1273 1953 curuae
1301 1911 1367 1952 {ub
1395 1912 1481 1951 data
1511 1913 1728 1966 aequatione
1761 1913 1857 1953 inter

599 1977 788 2017 absciffam
823 1989 866 2029 x,
896 1976 1125 2028 applicatam
1146 1990 1197 2029 y,
1230 1985 1270 2016 et
1301 1985 1551 2029 parametrum
1573 1976 1794 2016 variabilem
1815 1988 1863 2028 a,

599 2051 799 2081 contentae
850 2050 1114 2093 proponuntur
1134 2072 1146 2091 ,
1204 2050 1315 2094 atque
1366 2040 1552 2080 eiusmodi
1604 2040 1697 2079 linea
1747 2041 1859 2081 curua

536 2146 540 2150 ,
599 2106 787 2157 quaeritur
808 2135 817 2152 ,
868 2114 960 2157 quie
1000 2103 1080 2143 illas
1110 2115 1245 2143 omnes
1276 2104 1321 2143 ad
1352 2104 1506 2155 angulos
1536 2103 1659 2144 rectos
1689 2104 1858 2144 traiiciat.

599 2168 664 2208 Ad
695 2169 795 2222 quod
827 2167 1025 2221 problema
1059 2167 1275 2208 Ioluendum
1324 2167 1506 2221 applicata
1542 2180 1575 2218 y
1625 2176 1670 2207 vt
1718 2166 1861 2266 fusnd’cio

687 2246 689 2248 ·
1698 2241 1738 2280 ip
1754 2240 1858 2269 arum
