1972 2652
600 270 693 314 4w
957 247 1452 299 ursTORIA

594 371 685 414 ralis
714 368 908 421 scriptores
938 374 979 404 et
1012 362 1193 416 Chymici
1216 396 1231 420 ‚
1275 364 1377 419 iique
1409 375 1490 405 non
1522 363 1648 406 vitimi
1672 365 1861 421 nominis,

594 445 750 490 cuprum
784 432 822 469 in
853 427 982 483 lapide
1014 430 1143 470 nostro
1175 428 1305 482 latere,
1336 429 1498 471 firmiter
1515 428 1580 471 fibi
1605 429 1752 485 aliiaque
1774 442 1862 486 perf

595 499 779 540 suadeant.
1530 503 1539 512 ⁴

1147 558 1185 607 ξ.
1254 567 1324 605 13.

746 652 853 694 Haec
883 651 932 692 de
962 650 1113 693 actione
1145 648 1269 691 salium
1312 651 1351 693 in
1390 651 1554 694 formam
1597 650 1754 694 fluidam
1806 663 1874 692 re·

600 717 796 762 daecorum
821 748 835 770 ‚
867 727 982 769 quam
1016 716 1056 755 in
1085 714 1256 768 lapidem
1286 716 1460 758 nostrum
1501 724 1682 757 exercent
1704 747 1718 771 ‚
1764 714 1868 758 suffi-

602 785 716 825 ciant.
798 780 973 832 Superest
995 810 1008 832 ‚
1040 788 1089 819 vt

738 842 791 884 ΙΙ.
829 842 1086 884 Phaenomena
1113 839 1339 895 recenseam,
1367 854 1465 899 quae
1480 840 1588 897 salia
1604 844 1642 883 in
1655 842 1789 897 forma
1793 840 1841 896 st
1846 853 1874 872 ⁹-

604 920 651 952 ca
683 907 858 950 athbita
887 908 1112 962 producunt.
1180 906 1253 947 Hic
1287 908 1457 961 primum
1478 905 1573 946 Salia
1591 905 1712 947 media
1732 907 1768 944 in
1787 905 1871 944 snb-

606 973 739 1016 sidium
757 972 1004 1024 vocabantur,
1021 981 1060 1011 et
1077 971 1229 1012 vanum
1248 970 1292 1012 in
1306 971 1471 1013 modum
1488 969 1746 1023 tentabantur,
1759 967 1811 1010 ita
1829 974 1880 1010 vt

726 1064 767 1107 α)
799 1055 1026 1096 calcitrando

726 1127 770 1183 β)
804 1127 1024 1168 destillando
1053 1136 1094 1165 et
1124 1124 1365 1168 sublimando

722 1205 783 1254 γ)
817 1198 1016 1238 fundendo-

606 1271 706 1312 vires
734 1269 815 1310 suas
846 1270 885 1308 in
918 1267 1038 1322 lapide
1072 1268 1201 1310 nostro
1240 1266 1407 1322 experiri
1441 1265 1605 1322 possent.

618 1407 619 1410 Ἰ
724 1352 765 1402 α)
801 1353 933 1394 Partes
964 1355 1138 1395 anaticae
1170 1352 1306 1406 lapidis
1349 1354 1456 1409 nostri
1498 1360 1535 1394 et
1575 1354 1663 1396 nitri
1702 1352 1881 1409 depurata*

612 1415 804 1456 crucibulo
836 1415 1013 1453 candenti
1047 1416 1409 1468 committebantur,
1438 1426 1477 1456 et
1509 1428 1578 1468 per
1610 1417 1742 1456 horam
1761 1416 1877 1456 dimi-

614 1478 716 1519 diam
750 1477 789 1516 in
821 1476 958 1516 fusione
981 1476 1249 1515 detinebantur.
1316 1477 1420 1517 Inter
1438 1479 1681 1529 ingerendum
1702 1478 1741 1516 in
1760 1477 1877 1516 cruci-

614 1541 743 1582 bnlum
777 1552 913 1592 parum
944 1548 1093 1579 tantum
1125 1538 1331 1579 detonabat
1365 1540 1507 1579 nitrum
1527 1567 1540 1587 ‚
1570 1540 1631 1579 sed
1662 1539 1878 1579 continuato

617 1604 704 1655 igne
737 1604 882 1643 mirum
913 1602 955 1640 in
987 1602 1151 1642 modum.
1186 1604 1355 1640 mixtum
1391 1603 1662 1641 intumescebat
1682 1633 1694 1652 ‚
1727 1603 1766 1642 in
1800 1601 1880 1641 fine

616 1677 713 1706 veto
744 1666 865 1705 denuo
898 1664 1125 1718 subsidebat,
1156 1673 1193 1703 et
1232 1664 1270 1703 in
1306 1663 1464 1703 massam
1504 1664 1712 1715 pultaceam
1742 1664 1884 1715 abibat,

617 1741 712 1783 quae
741 1728 859 1768 calida
890 1728 1100 1780 elegantem
1135 1726 1270 1781 pallide
1304 1728 1465 1767 viridem
1495 1726 1662 1767 colorem
1693 1723 1885 1775 (Celadon

618 1794 785 1842 vocant)
819 1790 1050 1832 monstrabat
1071 1821 1086 1843 ‚
1121 1791 1183 1843 qui
1219 1798 1347 1830 tamen
1377 1790 1484 1829 color
1516 1789 1601 1843 post
1632 1790 1882 1842 refrigeratio-

620 1867 713 1896 nem
747 1854 1014 1906 euanescebat‚
1046 1864 1086 1893 et
1117 1865 1169 1893 ex
1201 1853 1306 1892 luteo
1335 1854 1508 1905 gryseum
1537 1851 1757 1893 exhibebat·
1794 1852 1881 1894 No-

622 1922 776 1959 tandum
811 1918 973 1972 insuper,
1005 1917 1158 1958 durante
1192 1916 1331 1956 fusione
1362 1928 1429 1969 per
1462 1914 1713 1957 subtilissimos
1762 1916 1886 1957 cruci·

623 1978 699 2020 buli
730 1994 844 2034 poros
876 1980 1049 2022 nonnihil
1080 1979 1192 2020 mixti
1227 1979 1332 2020 huius
1363 1978 1485 2018 versus
1513 1979 1746 2021 exteriorem
1787 1979 1884 2020 vasis

622 2041 852 2095 superficiem
885 2054 923 2085 et
957 2043 1225 2097 pedistaculum
1248 2074 1262 2096 ‚
1292 2042 1355 2082 cui
1386 2041 1594 2094 insidebat,
1626 2041 1883 2084 extrauasaffe.

625 2104 909 2146 Extrauasatum
927 2107 1098 2149 colorem
1131 2105 1311 2161 pallidum
1341 2103 1514 2156 roseum,
1543 2105 1635 2148 dum
1667 2105 1786 2148 adhuc
1819 2118 1886 2148 ca·

626 2167 752 2225 lebat⁷
787 2179 876 2224 prae
896 2169 929 2209 se
961 2169 1117 2221 fetebat,
1149 2179 1188 2215 et
1217 2168 1324 2213 breui
1355 2171 1546 2227 temporis
1580 2169 1703 2228 spatio
1730 2169 1811 2211 aeri
1836 2168 1880 2208 li·

1753 2227 1888 2272 berio-
