1972 2652
306 184 700 261 MAXIMORVM
736 216 810 260 Er
839 213 1220 262 MJNJMORVM.
1354 230 1410 270 97

139 331 339 386 sagacitate
370 343 391 372 a
423 331 522 372 Viro
550 331 622 372 ‚illo
654 330 867 374 acutissimo
900 332 953 372 est
983 331 1209 385 expeditum
1237 362 1249 382 ‚
1292 340 1423 372 tamen

146 396 352 438 methodus
385 396 431 436 ab
463 409 514 436 eo
547 396 714 436 adhibita
746 405 894 436 tantum
928 396 974 436 ad
1009 396 1124 445 casm,
1158 397 1288 450 quibus
1305 408 1426 449 quan-

148 462 237 501 titas
272 456 309 500 Z
343 472 491 512 praeter
525 473 553 501 x
585 470 621 500 et
646 474 675 515 y
711 460 837 500 solum
870 471 1002 500 earnm
1035 459 1296 500 differentialia
1346 461 1427 512 pri-

147 536 212 564 ma
242 527 302 563 (eu
338 524 502 564 litteram
537 532 564 579 p
599 524 814 565 inuoluebat
837 556 849 576 ,
880 524 1151 564 extendebatur
1172 555 1183 575 ‚
1219 534 1258 564 et
1294 524 1430 576 quouis

147 586 228 628 casu
263 587 435 640 lingulati
468 588 571 641 quali
606 599 657 627 ex
689 588 1049 629 considerationibus
1083 589 1330 641 geometricis
1374 598 1428 626 re-

148 652 226 705 peti
258 652 432 692 debebat.
502 651 703 703 Postquam
737 662 861 692 autem
897 652 937 691 in
972 651 1138 691 vberiori
1170 651 1276 692 huius
1320 662 1429 703 argu-

149 716 268 755 menti
303 715 533 756 enodatione
566 715 628 754 diu
671 714 895 755 desudaffem
918 742 930 762 ,
987 715 1217 755 methodum
1244 716 1428 754 -tandem

151 781 325 818 maxime
358 779 581 830 generalem
615 778 693 817 sum
728 778 884 829 adeptus
907 808 918 828 ,
950 778 1053 816 cuius
1081 788 1157 824 ope
1193 778 1327 816 omnia
1361 777 1429 816 hu-

148 840 313 880 iusmodi
368 841 636 892 problemata,
686 840 818 893 quibus
868 839 1054 892 quantitas
1105 837 1143 880 Z
1199 853 1277 879 non
1309 840 1428 879 lolum

147 903 408 943 differentialia
443 906 615 956 cuiusque
651 904 792 944 ordinis
822 902 880 943 sed
925 904 1040 943 etiam
1095 903 1275 944 formulas
1330 903 1430 942 inte-

150 969 267 1021 grues
298 980 531 1021 quascunque
566 968 603 1006 in
638 966 671 1007 se
706 968 939 1018 contineret,
971 968 1102 1007 relOlui
1124 969 1427 1022 poflunt,qu.tm

153 1031 383 1072 methodum
417 1031 516 1071 libro
549 1030 718 1083 singulari
751 1030 881 1086 ample
916 1030 997 1071 sum
1031 1031 1253 1085 persecutus.

751 1130 825 1172 VI.

308 1213 387 1254 Etsi
423 1223 548 1254 antem
585 1213 680 1254 haec
715 1213 922 1254 methodus
952 1214 1002 1254 ita
1035 1213 1088 1254 est
1118 1223 1430 1270 comparata,vt

154 1277 231 1317 eius
264 1277 470 1330 applicatio
506 1277 620 1317 nullas
653 1276 788 1329 figuras
821 1277 1072 1329 geometricas
1124 1280 1318 1330 requirat,
1374 1286 1431 1319 ta·

155 1353 246 1382 rnen
297 1340 367 1393 ipsa
413 1336 508 1379 istius
542 1339 716 1379 methodi
752 1339 987 1392 inuestigatio
1018 1351 1066 1379 ex
1097 1341 1430 1394 contemplatione

154 1403 333 1444 linearum
369 1415 569 1444 curu-arum
605 1403 656 1443 est
691 1404 808 1456 petita
834 1432 846 1453 ‚
893 1415 1004 1456 quam
1040 1403 1092 1444 ob
1128 1405 1273 1445 causam
1327 1404 1429 1446 mihi

155 1468 272 1507 etiam
309 1478 389 1507 tum
422 1479 497 1507 non
533 1468 613 1506 satis
654 1467 825 1507 naturalis
874 1468 925 1508 est
977 1467 1063 1508 visa.
1165 1466 1266 1509 Cum
1321 1472 1428 1510 euim

155 1530 251 1571 haec·
285 1532 476 1585 quaestio,
528 1545 598 1585 qua
633 1531 767 1571 relatio
800 1533 896 1572 inter
928 1544 955 1573 x
989 1541 1026 1572 et
1046 1545 1080 1585 y
1124 1533 1305 1586 quaeritur
1325 1565 1335 1582 ‚
1387 1541 1430 1574 vt

157 1594 318 1635 formula
371 1597 557 1644 integralis
593 1586 678 1649 'sZ
700 1596 769 1637 dx
790 1627 802 1645 ‚
858 1596 979 1651 posito
1014 1596 1097 1650 post
1133 1597 1427 1649 integrationem

158 1667 303 1708 arza,
336 1659 552 1699 maximum
589 1661 796 1699 minimum
822 1672 869 1699 ve
904 1661 1074 1699 valorem
1110 1660 1312 1707 obtineat,
1352 1658 1427 1698 sine

160 1719 240 1757 vllo
271 1721 438 1772 respectu
474 1724 519 1760 ad
575 1723 830 1772 geometriam
883 1722 1048 1774 proponi
1100 1721 1245 1773 possit,
1294 1719 1429 1761 solutio

161 1781 277 1820 etiam
331 1782 533 1833 adaequata
583 1792 620 1821 et
669 1791 722 1824 ex
760 1784 871 1822 ·veris
927 1783 1122 1835 principiis
1170 1782 1331 1823 deducta
1381 1785 1428 1825 ab

162 1845 270 1884 omni
307 1847 545 1895 geometrica
578 1844 877 1885 consideratione
927 1846 1117 1886 immunis
1160 1846 1231 1886 effe
1289 1847 1427 1888 debere

165 1908 327 1947 videtur.
426 1907 539 1962 Quod
584 1908 807 1947 defidcrium
841 1921 927 1948 cum
967 1922 1001 1948 iu
1037 1921 1126 1948 meo
1161 1910 1316 1963 traditi-tu
1350 1924 1427 1951 non

164 1969 318 2011 obscure
368 1970 483 2011 effem
534 1972 710 2020 testatus,
747 1972 816 2011 Vir
865 1974 1014 2026 quidam
1053 1970 1285 2013 Clarissimus
1319 1985 1356 2013 et
1391 1976 1429 2014 in

164 2044 241 2074 arte
277 2036 478 2086 Analytica
510 2035 784 2086 verlatissimuS,
817 2037 862 2076 de
895 2035 934 2076 la
965 2034 1119 2089 Grange
1150 2037 1348 2087 Tournier,
1368 2039 1429 2078 lit-

165 2099 254 2138 teris
286 2098 444 2139 Taurini
478 2100 523 2139 acl
576 2111 641 2139 me
693 2100 787 2139 datis
841 2100 1059 2151 nunciatiit,
1109 2100 1140 2139 se
1193 2100 1298 2141 huius
1347 2102 1428 2142 voti

164 2173 393 2214 compotem
429 2162 503 2202 effe
536 2163 696 2213 facium,
733 2163 911 2218 simulque
945 2163 1186 2204 fundamenta
1221 2165 1303 2205 suae
1324 2167 1426 2205 Ana-

227 2225 709 2268 Tom.X.Nou.Cornm.
1014 2227 1054 2268 Ν
1308 2228 1426 2277 lyleos
