<?xml version="1.0" encoding="UTF-8"?>
<!DOCTYPE html PUBLIC "-//W3C//DTD XHTML 1.0 Transitional//EN"
    "http://www.w3.org/TR/xhtml1/DTD/xhtml1-transitional.dtd">
<html xmlns="http://www.w3.org/1999/xhtml" xml:lang="en" lang="en">
 <head>
  <title>
</title>
<meta http-equiv="Content-Type" content="text/html;charset=utf-8" />
  <meta name='ocr-system' content='tesseract 3.04.00' />
  <meta name='ocr-capabilities' content='ocr_page ocr_carea ocr_par ocr_line ocrx_word'/>
</head>
<body>
  <div class='ocr_page' id='page_1' title='image "./novicommentariac10impe_0597.png"; bbox 0 0 1972 2652; ppageno 0'>
   <div class='ocr_carea' id='block_1_1' title="bbox 409 270 1360 322">
    <p class='ocr_par' dir='ltr' id='par_1_1' title="bbox 409 270 1360 322">
     <span class='ocr_line' id='line_1_1' title="bbox 409 270 1360 322; baseline -0.004 -4"><span class='ocrx_word' id='word_1_1' title='bbox 409 270 1051 318; x_wconf 73' lang='lat' dir='ltr'><em>PARALLAXIS,</em></span> <span class='ocrx_word' id='word_1_2' title='bbox 1276 284 1360 322; x_wconf 76' lang='lat'>507</span> 
     </span>
    </p>
   </div>
   <div class='ocr_carea' id='block_1_2' title="bbox 104 381 1556 1376">
    <p class='ocr_par' dir='ltr' id='par_1_2' title="bbox 104 381 1365 690">
     <span class='ocr_line' id='line_1_2' title="bbox 104 381 1365 439; baseline -0.001 -14"><span class='ocrx_word' id='word_1_3' title='bbox 104 386 353 439; x_wconf 71' lang='lat' dir='ltr'>“parallaxium</span> <span class='ocrx_word' id='word_1_4' title='bbox 405 384 701 426; x_wconf 80' lang='lat' dir='ltr'>horizontalium</span> <span class='ocrx_word' id='word_1_5' title='bbox 757 384 836 434; x_wconf 59' lang='lat' dir='ltr'>{eris</span> <span class='ocrx_word' id='word_1_6' title='bbox 879 394 916 424; x_wconf 89' lang='lat' dir='ltr'>et</span> <span class='ocrx_word' id='word_1_7' title='bbox 952 383 1039 428; x_wconf 82' lang='lat' dir='ltr'>Olis</span> <span class='ocrx_word' id='word_1_8' title='bbox 1071 383 1142 423; x_wconf 83' lang='lat' dir='ltr'>erit</span> <span class='ocrx_word' id='word_1_9' title='bbox 1177 383 1221 423; x_wconf 79' lang='lat' dir='ltr'>ad</span> <span class='ocrx_word' id='word_1_10' title='bbox 1252 381 1365 424; x_wconf 88' lang='lat' dir='ltr'>diffe-</span> 
     </span>
     <span class='ocr_line' id='line_1_3' title="bbox 105 446 1363 500; baseline -0.002 -12"><span class='ocrx_word' id='word_1_11' title='bbox 105 451 266 489; x_wconf 70' lang='lat' dir='ltr'>rentiam</span> <span class='ocrx_word' id='word_1_12' title='bbox 320 449 566 500; x_wconf 74' lang='lat' dir='ltr'>parallaxium</span> <span class='ocrx_word' id='word_1_13' title='bbox 618 447 698 495; x_wconf 64' lang='lat' dir='ltr'>§eris</span> <span class='ocrx_word' id='word_1_14' title='bbox 743 459 779 487; x_wconf 90' lang='lat' dir='ltr'>et</span> <span class='ocrx_word' id='word_1_15' title='bbox 814 448 900 491; x_wconf 79' lang='lat' dir='ltr'>Olis</span> <span class='ocrx_word' id='word_1_16' title='bbox 934 449 968 486; x_wconf 90' lang='lat' dir='ltr'>in</span> <span class='ocrx_word' id='word_1_17' title='bbox 1003 447 1135 486; x_wconf 77' lang='lat' dir='ltr'>eadem</span> <span class='ocrx_word' id='word_1_18' title='bbox 1171 446 1363 486; x_wconf 78' lang='lat' dir='ltr'>altitudine</span> 
     </span>
     <span class='ocr_line' id='line_1_4' title="bbox 111 509 1365 562; baseline -0.002 -12"><span class='ocrx_word' id='word_1_19' title='bbox 111 512 186 551; x_wconf 83' lang='lat' dir='ltr'>visa</span> <span class='ocrx_word' id='word_1_20' title='bbox 208 538 219 560; x_wconf 85' lang='lat'><em>‚</em></span> <span class='ocrx_word' id='word_1_21' title='bbox 257 520 299 550; x_wconf 84' lang='lat' dir='ltr'>vt</span> <span class='ocrx_word' id='word_1_22' title='bbox 334 511 424 550; x_wconf 82' lang='lat' dir='ltr'>smus</span> <span class='ocrx_word' id='word_1_23' title='bbox 451 520 554 551; x_wconf 69' lang='lat' dir='ltr'>‘totus</span> <span class='ocrx_word' id='word_1_24' title='bbox 586 512 630 550; x_wconf 85' lang='lat' dir='ltr'>ad</span> <span class='ocrx_word' id='word_1_25' title='bbox 665 511 831 550; x_wconf 84' lang='lat' dir='ltr'>cofinum</span> <span class='ocrx_word' id='word_1_26' title='bbox 875 510 974 550; x_wconf 83' lang='lat' dir='ltr'>istius</span> <span class='ocrx_word' id='word_1_27' title='bbox 1006 509 1204 548; x_wconf 77' lang='lat' dir='ltr'>altitudinis</span> <span class='ocrx_word' id='word_1_28' title='bbox 1225 540 1236 562; x_wconf 84' lang='lat'>‚</span> <span class='ocrx_word' id='word_1_29' title='bbox 1272 521 1365 561; x_wconf 84' lang='lat' dir='ltr'>quae</span> 
     </span>
     <span class='ocr_line' id='line_1_5' title="bbox 105 572 1365 627; baseline -0.002 -14"><span class='ocrx_word' id='word_1_30' title='bbox 105 574 322 626; x_wconf 71' lang='lat' dir='ltr'>‘propositio</span> <span class='ocrx_word' id='word_1_31' title='bbox 353 575 551 627; x_wconf 81' lang='lat' dir='ltr'>vnicuique</span> <span class='ocrx_word' id='word_1_32' title='bbox 580 574 763 626; x_wconf 75' lang='lat' dir='ltr'>¹parallaxi</span> <span class='ocrx_word' id='word_1_33' title='bbox 794 572 956 624; x_wconf 76' lang='lat' dir='ltr'>simplici</span> <span class='ocrx_word' id='word_1_34' title='bbox 993 572 1200 625; x_wconf 77' lang='lat' dir='ltr'>competit3</span> <span class='ocrx_word' id='word_1_35' title='bbox 1233 572 1292 611; x_wconf 62' lang='lat' dir='ltr'>vti</span> <span class='ocrx_word' id='word_1_36' title='bbox 1326 579 1365 611; x_wconf 91' lang='lat' dir='ltr'>et</span> 
     </span>
     <span class='ocr_line' id='line_1_6' title="bbox 111 634 1215 690; baseline -0.004 -14"><span class='ocrx_word' id='word_1_37' title='bbox 111 638 214 690; x_wconf 87' lang='lat' dir='ltr'>prior</span> <span class='ocrx_word' id='word_1_38' title='bbox 246 636 456 689; x_wconf 74' lang='lat' dir='ltr'>propositio</span> <span class='ocrx_word' id='word_1_39' title='bbox 487 649 536 674; x_wconf 84' lang='lat' dir='ltr'>ex</span> <span class='ocrx_word' id='word_1_40' title='bbox 556 635 757 687; x_wconf 87' lang='lat' dir='ltr'>poster-iore</span> <span class='ocrx_word' id='word_1_41' title='bbox 782 634 887 674; x_wconf 77' lang='lat' dir='ltr'>facile</span> <span class='ocrx_word' id='word_1_42' title='bbox 905 635 1049 674; x_wconf 86' lang='lat' dir='ltr'>ostendi</span> <span class='ocrx_word' id='word_1_43' title='bbox 1083 634 1215 687; x_wconf 88' lang='lat' dir='ltr'>potest.</span> 
     </span>
    </p>

    <p class='ocr_par' dir='ltr' id='par_1_3' title="bbox 104 696 1556 1376">
     <span class='ocr_line' id='line_1_7' title="bbox 257 696 1365 750; baseline -0.001 -14"><span class='ocrx_word' id='word_1_44' title='bbox 257 700 277 746; x_wconf 64' lang='grc' dir='ltr'><strong><em>ξ</em></strong></span> <span class='ocrx_word' id='word_1_45' title='bbox 335 712 402 747; x_wconf 85' lang='lat'>19.</span> <span class='ocrx_word' id='word_1_46' title='bbox 437 698 633 750; x_wconf 65' lang='lat' dir='ltr'>Expositis</span> <span class='ocrx_word' id='word_1_47' title='bbox 666 697 711 736; x_wconf 87' lang='lat' dir='ltr'>fic</span> <span class='ocrx_word' id='word_1_48' title='bbox 744 698 877 749; x_wconf 85' lang='lat' dir='ltr'>primis</span> <span class='ocrx_word' id='word_1_49' title='bbox 916 698 1121 737; x_wconf 62' lang='lat' dir='ltr'>effectuum</span> <span class='ocrx_word' id='word_1_50' title='bbox 1172 708 1192 735; x_wconf 85' lang='lat' dir='ltr'>a</span> <span class='ocrx_word' id='word_1_51' title='bbox 1244 696 1365 749; x_wconf 81' lang='lat' dir='ltr'>paral-</span> 
     </span>
     <span class='ocr_line' id='line_1_8' title="bbox 110 759 1366 814; baseline -0.002 -14"><span class='ocrx_word' id='word_1_52' title='bbox 110 761 189 800; x_wconf 85' lang='lat' dir='ltr'>laxi</span> <span class='ocrx_word' id='word_1_53' title='bbox 226 760 544 814; x_wconf 83' lang='lat' dir='ltr'>proficiscentium</span> <span class='ocrx_word' id='word_1_54' title='bbox 580 759 819 798; x_wconf 81' lang='lat' dir='ltr'>lineamentis</span> <span class='ocrx_word' id='word_1_55' title='bbox 841 789 852 808; x_wconf 88' lang='lat'>‚</span> <span class='ocrx_word' id='word_1_56' title='bbox 905 771 968 798; x_wconf 83' lang='lat' dir='ltr'>eos</span> <span class='ocrx_word' id='word_1_57' title='bbox 1013 771 1107 798; x_wconf 89' lang='lat' dir='ltr'>nunc</span> <span class='ocrx_word' id='word_1_58' title='bbox 1143 760 1263 810; x_wconf 78' lang='lat' dir='ltr'>magis</span> <span class='ocrx_word' id='word_1_59' title='bbox 1293 769 1366 797; x_wconf 83' lang='lat' dir='ltr'>ex-</span> 
     </span>
     <span class='ocr_line' id='line_1_9' title="bbox 112 819 1364 872; baseline -0.003 -10"><span class='ocrx_word' id='word_1_60' title='bbox 112 823 251 872; x_wconf 86' lang='lat' dir='ltr'><strong>colere,</strong></span> <span class='ocrx_word' id='word_1_61' title='bbox 283 832 321 861; x_wconf 89' lang='lat' dir='ltr'>et</span> <span class='ocrx_word' id='word_1_62' title='bbox 355 824 401 862; x_wconf 80' lang='lat' dir='ltr'>ad</span> <span class='ocrx_word' id='word_1_63' title='bbox 437 822 716 861; x_wconf 83' lang='lat' dir='ltr'>illustrationem</span> <span class='ocrx_word' id='word_1_64' title='bbox 761 821 875 860; x_wconf 80' lang='lat' dir='ltr'>nostri</span> <span class='ocrx_word' id='word_1_65' title='bbox 924 821 1081 860; x_wconf 86' lang='lat' dir='ltr'>Veneris</span> <span class='ocrx_word' id='word_1_66' title='bbox 1131 831 1201 872; x_wconf 85' lang='lat' dir='ltr'>per</span> <span class='ocrx_word' id='word_1_67' title='bbox 1230 819 1364 859; x_wconf 92' lang='lat' dir='ltr'>Solem</span> 
     </span>
     <span class='ocr_line' id='line_1_10' title="bbox 109 882 1365 926; baseline -0.004 -1"><span class='ocrx_word' id='word_1_68' title='bbox 109 885 301 926; x_wconf 83' lang='lat' dir='ltr'>Tranfitus</span> <span class='ocrx_word' id='word_1_69' title='bbox 332 884 627 924; x_wconf 79' lang='lat' dir='ltr'>accommodare</span> <span class='ocrx_word' id='word_1_70' title='bbox 657 883 791 923; x_wconf 83' lang='lat' dir='ltr'><strong>licebit.</strong></span> <span class='ocrx_word' id='word_1_71' title='bbox 856 884 1029 924; x_wconf 87' lang='lat' dir='ltr'>Primum</span> <span class='ocrx_word' id='word_1_72' title='bbox 1064 893 1190 922; x_wconf 84' lang='lat' dir='ltr'>autem</span> <span class='ocrx_word' id='word_1_73' title='bbox 1225 882 1365 921; x_wconf 81' lang='lat' dir='ltr'>necesse</span> 
     </span>
     <span class='ocr_line' id='line_1_11' title="bbox 109 945 1365 999; baseline -0.003 -12"><span class='ocrx_word' id='word_1_74' title='bbox 109 949 160 988; x_wconf 85' lang='lat' dir='ltr'>est</span> <span class='ocrx_word' id='word_1_75' title='bbox 178 975 190 991; x_wconf 85' lang='lat'>‚</span> <span class='ocrx_word' id='word_1_76' title='bbox 223 957 266 987; x_wconf 87' lang='lat' dir='ltr'>vt</span> <span class='ocrx_word' id='word_1_77' title='bbox 297 947 344 987; x_wconf 92' lang='lat' dir='ltr'>de</span> <span class='ocrx_word' id='word_1_78' title='bbox 365 945 559 999; x_wconf 76' lang='lat' dir='ltr'>jehemate</span> <span class='ocrx_word' id='word_1_79' title='bbox 591 947 669 985; x_wconf 84' lang='lat' dir='ltr'>eius</span> <span class='ocrx_word' id='word_1_80' title='bbox 696 946 750 986; x_wconf 84' lang='lat' dir='ltr'>ad</span> <span class='ocrx_word' id='word_1_81' title='bbox 779 953 939 987; x_wconf 81' lang='lat' dir='ltr'><em>centrum</em></span> <span class='ocrx_word' id='word_1_82' title='bbox 980 948 1127 987; x_wconf 77' lang='lat' dir='ltr'>Terrae</span> <span class='ocrx_word' id='word_1_83' title='bbox 1143 977 1153 996; x_wconf 87' lang='lat'>‚</span> <span class='ocrx_word' id='word_1_84' title='bbox 1188 955 1365 997; x_wconf 79' lang='lat' dir='ltr'>tanquam</span> 
     </span>
     <span class='ocr_line' id='line_1_12' title="bbox 110 1008 1366 1064; baseline -0.003 -14"><span class='ocrx_word' id='word_1_85' title='bbox 110 1011 182 1051; x_wconf 75' lang='lat' dir='ltr'>basi</span> <span class='ocrx_word' id='word_1_86' title='bbox 215 1023 284 1064; x_wconf 88' lang='lat' dir='ltr'>pro</span> <span class='ocrx_word' id='word_1_87' title='bbox 326 1011 470 1063; x_wconf 88' lang='lat' dir='ltr'>reliquis</span> <span class='ocrx_word' id='word_1_88' title='bbox 519 1009 893 1059; x_wconf 80' lang='lat' dir='ltr'>confiderationibus,</span> <span class='ocrx_word' id='word_1_89' title='bbox 945 1012 1170 1061; x_wconf 81' lang='lat' dir='ltr'>cogitemus.</span> <span class='ocrx_word' id='word_1_90' title='bbox 1254 1008 1366 1048; x_wconf 89' lang='lat' dir='ltr'>Hunc</span> 
     </span>
     <span class='ocr_line' id='line_1_13' title="bbox 111 1068 1368 1125; baseline -0.003 -13"><span class='ocrx_word' id='word_1_91' title='bbox 111 1073 149 1113; x_wconf 90' lang='lat' dir='ltr'>in</span> <span class='ocrx_word' id='word_1_92' title='bbox 184 1072 300 1112; x_wconf 90' lang='lat' dir='ltr'>finem</span> <span class='ocrx_word' id='word_1_93' title='bbox 333 1073 459 1113; x_wconf 77' lang='lat' dir='ltr'>reserat</span> <span class='ocrx_word' id='word_1_94' title='bbox 499 1072 613 1125; x_wconf 78' lang='lat' dir='ltr'>figura</span> <span class='ocrx_word' id='word_1_95' title='bbox 652 1079 692 1113; x_wconf 87' lang='lat'>8.</span> <span class='ocrx_word' id='word_1_96' title='bbox 723 1073 822 1111; x_wconf 87' lang='lat' dir='ltr'>idem</span> <span class='ocrx_word' id='word_1_97' title='bbox 857 1073 1039 1112; x_wconf 78' lang='lat' dir='ltr'>linearum</span> <span class='ocrx_word' id='word_1_98' title='bbox 1076 1070 1244 1120; x_wconf 85' lang='lat' dir='ltr'>systema,</span> <span class='ocrx_word' id='word_1_99' title='bbox 1267 1068 1368 1123; x_wconf 87' lang='lat' dir='ltr'>quod</span> 
     </span>
     <span class='ocr_line' id='line_1_14' title="bbox 109 1131 1369 1188; baseline -0.004 -13"><span class='ocrx_word' id='word_1_100' title='bbox 109 1137 149 1175; x_wconf 88' lang='lat' dir='ltr'>in</span> <span class='ocrx_word' id='word_1_101' title='bbox 184 1136 309 1188; x_wconf 87' lang='lat' dir='ltr'>fig.7.</span> <span class='ocrx_word' id='word_1_102' title='bbox 345 1135 450 1188; x_wconf 82' lang='lat' dir='ltr'>§pho</span> <span class='ocrx_word' id='word_1_103' title='bbox 484 1146 605 1187; x_wconf 76' lang='lat' dir='ltr'>praec.</span> <span class='ocrx_word' id='word_1_104' title='bbox 642 1131 893 1175; x_wconf 64' lang='lat' dir='ltr'>construetum</span> <span class='ocrx_word' id='word_1_105' title='bbox 927 1133 996 1173; x_wconf 83' lang='lat' dir='ltr'>fuit</span> <span class='ocrx_word' id='word_1_106' title='bbox 1017 1164 1029 1185; x_wconf 74' lang='lat'><strong>‚</strong></span> <span class='ocrx_word' id='word_1_107' title='bbox 1064 1133 1235 1186; x_wconf 82' lang='lat' dir='ltr'>exceptis</span> <span class='ocrx_word' id='word_1_108' title='bbox 1258 1132 1369 1172; x_wconf 66' lang='lat' dir='ltr'>restis</span> 
     </span>
     <span class='ocr_line' id='line_1_15' title="bbox 109 1175 1556 1256; baseline -0.003 -19"><span class='ocrx_word' id='word_1_109' title='bbox 109 1199 181 1239; x_wconf 85' lang='lat' dir='ltr'>TF</span> <span class='ocrx_word' id='word_1_110' title='bbox 203 1230 214 1249; x_wconf 80' lang='lat'>,</span> <span class='ocrx_word' id='word_1_111' title='bbox 238 1199 271 1251; x_wconf 87' lang='lat' dir='ltr'><strong><em>s</em></strong></span> <span class='ocrx_word' id='word_1_112' title='bbox 277 1199 304 1252; x_wconf 85' lang='grc' dir='ltr'>β</span> <span class='ocrx_word' id='word_1_113' title='bbox 319 1198 355 1237; x_wconf 86' lang='grc' dir='ltr'>Ρ,</span> <span class='ocrx_word' id='word_1_114' title='bbox 440 1196 673 1249; x_wconf 83' lang='lat' dir='ltr'>Intelligatur</span> <span class='ocrx_word' id='word_1_115' title='bbox 708 1197 844 1237; x_wconf 88' lang='lat' dir='ltr'>deinde</span> <span class='ocrx_word' id='word_1_116' title='bbox 887 1198 1039 1250; x_wconf 75' lang='lat' dir='ltr'>planum</span> <span class='ocrx_word' id='word_1_117' title='bbox 1075 1194 1177 1247; x_wconf 87' lang='lat' dir='ltr'>YZ,</span> <span class='ocrx_word' id='word_1_118' title='bbox 1210 1208 1279 1248; x_wconf 88' lang='lat' dir='ltr'>per</span> <span class='ocrx_word' id='word_1_119' title='bbox 1313 1207 1352 1235; x_wconf 87' lang='lat' dir='ltr'>re</span> <span class='ocrx_word' id='word_1_120' title='bbox 1370 1175 1556 1256; x_wconf 46' lang='grc' dir='ltr'>Ἠξέζξιῐ·</span> 
     </span>
     <span class='ocr_line' id='line_1_16' title="bbox 109 1258 1367 1312; baseline -0.002 -12"><span class='ocrx_word' id='word_1_121' title='bbox 109 1261 211 1301; x_wconf 65' lang='lat' dir='ltr'>&amp;am</span> <span class='ocrx_word' id='word_1_122' title='bbox 233 1259 315 1300; x_wconf 88' lang='lat' dir='ltr'>AB</span> <span class='ocrx_word' id='word_1_123' title='bbox 348 1261 533 1310; x_wconf 75' lang='lat' dir='ltr'>transiens,</span> <span class='ocrx_word' id='word_1_124' title='bbox 566 1269 603 1299; x_wconf 84' lang='lat' dir='ltr'>et</span> <span class='ocrx_word' id='word_1_125' title='bbox 634 1260 679 1300; x_wconf 79' lang='lat' dir='ltr'>ad</span> <span class='ocrx_word' id='word_1_126' title='bbox 715 1260 867 1312; x_wconf 79' lang='lat' dir='ltr'>planum</span> <span class='ocrx_word' id='word_1_127' title='bbox 900 1260 1109 1312; x_wconf 85' lang='lat' dir='ltr'>Eclipticae</span> <span class='ocrx_word' id='word_1_128' title='bbox 1143 1260 1200 1298; x_wconf 71' lang='lat' dir='ltr'>stu</span> <span class='ocrx_word' id='word_1_129' title='bbox 1218 1258 1367 1299; x_wconf 83' lang='lat' dir='ltr'>chartae</span> 
     </span>
     <span class='ocr_line' id='line_1_17' title="bbox 104 1317 1367 1376; baseline -0.002 -13"><span class='ocrx_word' id='word_1_130' title='bbox 104 1324 299 1374; x_wconf 79' lang='lat' dir='ltr'>normale,</span> <span class='ocrx_word' id='word_1_131' title='bbox 336 1324 438 1364; x_wconf 87' lang='lat' dir='ltr'>cuius</span> <span class='ocrx_word' id='word_1_132' title='bbox 469 1336 551 1376; x_wconf 77' lang='lat' dir='ltr'>pars</span> <span class='ocrx_word' id='word_1_133' title='bbox 584 1323 748 1375; x_wconf 86' lang='lat' dir='ltr'>superior</span> <span class='ocrx_word' id='word_1_134' title='bbox 781 1322 864 1363; x_wconf 87' lang='lat' dir='ltr'>YB</span> <span class='ocrx_word' id='word_1_135' title='bbox 897 1323 1065 1371; x_wconf 84' lang='lat' dir='ltr'>boream,</span> <span class='ocrx_word' id='word_1_136' title='bbox 1103 1323 1254 1362; x_wconf 82' lang='lat' dir='ltr'>inferior</span> <span class='ocrx_word' id='word_1_137' title='bbox 1287 1317 1367 1361; x_wconf 87' lang='lat' dir='ltr'>AZ</span> 
     </span>
    </p>
   </div>
   <div class='ocr_carea' id='block_1_3' title="bbox 39 1383 1368 1439">
    <p class='ocr_par' dir='ltr' id='par_1_4' title="bbox 39 1383 1368 1439">
     <span class='ocr_line' id='line_1_18' title="bbox 39 1383 1368 1439; baseline -0.002 -13"><span class='ocrx_word' id='word_1_138' title='bbox 39 1422 42 1426; x_wconf 92' lang='lat'>.</span> <span class='ocrx_word' id='word_1_139' title='bbox 108 1387 270 1426; x_wconf 79' lang='lat' dir='ltr'>austrum</span> <span class='ocrx_word' id='word_1_140' title='bbox 307 1387 485 1439; x_wconf 83' lang='lat' dir='ltr'>respiciat.</span> <span class='ocrx_word' id='word_1_141' title='bbox 554 1384 768 1437; x_wconf 65' lang='lat' dir='ltr'>Spe-statori</span> <span class='ocrx_word' id='word_1_142' title='bbox 804 1387 840 1425; x_wconf 86' lang='lat' dir='ltr'>in</span> <span class='ocrx_word' id='word_1_143' title='bbox 878 1386 913 1425; x_wconf 84' lang='lat' dir='ltr'>T</span> <span class='ocrx_word' id='word_1_144' title='bbox 948 1386 1057 1438; x_wconf 75' lang='lat' dir='ltr'>plaga</span> <span class='ocrx_word' id='word_1_145' title='bbox 1091 1383 1281 1424; x_wconf 84' lang='lat' dir='ltr'>orientalis</span> <span class='ocrx_word' id='word_1_146' title='bbox 1323 1383 1368 1423; x_wconf 84' lang='lat' dir='ltr'>fit</span> 
     </span>
    </p>
   </div>
   <div class='ocr_carea' id='block_1_4' title="bbox 102 1444 1371 2368">
    <p class='ocr_par' dir='ltr' id='par_1_5' title="bbox 102 1444 1371 2316">
     <span class='ocr_line' id='line_1_19' title="bbox 106 1444 1366 1499; baseline -0.002 -12"><span class='ocrx_word' id='word_1_147' title='bbox 106 1449 229 1488; x_wconf 79' lang='lat' dir='ltr'>versus</span> <span class='ocrx_word' id='word_1_148' title='bbox 262 1449 440 1488; x_wconf 84' lang='lat' dir='ltr'>sinistram</span> <span class='ocrx_word' id='word_1_149' title='bbox 462 1480 472 1499; x_wconf 85' lang='lat'>,</span> <span class='ocrx_word' id='word_1_150' title='bbox 503 1448 746 1487; x_wconf 82' lang='lat' dir='ltr'>occidentalis</span> <span class='ocrx_word' id='word_1_151' title='bbox 778 1447 898 1487; x_wconf 84' lang='lat' dir='ltr'>versus</span> <span class='ocrx_word' id='word_1_152' title='bbox 929 1448 1124 1486; x_wconf 84' lang='lat' dir='ltr'>dextram.</span> <span class='ocrx_word' id='word_1_153' title='bbox 1220 1444 1366 1485; x_wconf 76' lang='lat' dir='ltr'>Habea-</span> 
     </span>
     <span class='ocr_line' id='line_1_20' title="bbox 102 1506 1370 1562; baseline -0.003 -12"><span class='ocrx_word' id='word_1_154' title='bbox 102 1519 168 1550; x_wconf 80' lang='lat' dir='ltr'>‘tur</span> <span class='ocrx_word' id='word_1_155' title='bbox 203 1520 329 1550; x_wconf 78' lang='lat' dir='ltr'>autem</span> <span class='ocrx_word' id='word_1_156' title='bbox 362 1510 517 1562; x_wconf 82' lang='lat' dir='ltr'>planum</span> <span class='ocrx_word' id='word_1_157' title='bbox 550 1506 637 1550; x_wconf 93' lang='lat' dir='ltr'>YZ</span> <span class='ocrx_word' id='word_1_158' title='bbox 673 1510 782 1550; x_wconf 83' lang='lat' dir='ltr'>instar</span> <span class='ocrx_word' id='word_1_159' title='bbox 820 1510 930 1549; x_wconf 79' lang='lat' dir='ltr'>valde</span> <span class='ocrx_word' id='word_1_160' title='bbox 971 1510 1132 1562; x_wconf 81' lang='lat' dir='ltr'>exiguae</span> <span class='ocrx_word' id='word_1_161' title='bbox 1184 1509 1370 1559; x_wconf 81' lang='lat' dir='ltr'>portionis</span> 
     </span>
     <span class='ocr_line' id='line_1_21' title="bbox 108 1568 1369 1624; baseline -0.001 -14"><span class='ocrx_word' id='word_1_162' title='bbox 108 1572 311 1623; x_wconf 85' lang='lat' dir='ltr'>superficiei</span> <span class='ocrx_word' id='word_1_163' title='bbox 343 1573 580 1624; x_wconf 77' lang='lat' dir='ltr'>sphaericae,</span> <span class='ocrx_word' id='word_1_164' title='bbox 632 1581 745 1621; x_wconf 80' lang='lat' dir='ltr'>qnam</span> <span class='ocrx_word' id='word_1_165' title='bbox 799 1582 930 1610; x_wconf 85' lang='lat' dir='ltr'>centro</span> <span class='ocrx_word' id='word_1_166' title='bbox 958 1569 984 1610; x_wconf 88' lang='lat' dir='ltr'>S</span> <span class='ocrx_word' id='word_1_167' title='bbox 1017 1572 1121 1610; x_wconf 82' lang='lat' dir='ltr'>radio</span> <span class='ocrx_word' id='word_1_168' title='bbox 1153 1568 1224 1609; x_wconf 89' lang='lat' dir='ltr'>SC</span> <span class='ocrx_word' id='word_1_169' title='bbox 1272 1570 1369 1609; x_wconf 74' lang='lat' dir='ltr'>circa</span> 
     </span>
     <span class='ocr_line' id='line_1_22' title="bbox 107 1627 1369 1684; baseline -0.002 -12"><span class='ocrx_word' id='word_1_170' title='bbox 107 1631 243 1672; x_wconf 81' lang='lat' dir='ltr'>Solem</span> <span class='ocrx_word' id='word_1_171' title='bbox 277 1632 496 1683; x_wconf 80' lang='lat' dir='ltr'>descriptam</span> <span class='ocrx_word' id='word_1_172' title='bbox 530 1631 726 1683; x_wconf 84' lang='lat' dir='ltr'>concipere</span> <span class='ocrx_word' id='word_1_173' title='bbox 756 1628 875 1679; x_wconf 82' lang='lat' dir='ltr'>licet,</span> <span class='ocrx_word' id='word_1_174' title='bbox 908 1641 949 1671; x_wconf 78' lang='lat' dir='ltr'>vt</span> <span class='ocrx_word' id='word_1_175' title='bbox 973 1661 983 1680; x_wconf 94' lang='lat'>‚</span> <span class='ocrx_word' id='word_1_176' title='bbox 1030 1631 1094 1670; x_wconf 83' lang='lat' dir='ltr'>‘sub</span> <span class='ocrx_word' id='word_1_177' title='bbox 1133 1627 1338 1684; x_wconf 78' lang='lat' dir='ltr'>hypothesi</span> <span class='ocrx_word' id='word_1_178' title='bbox 1359 1658 1369 1678; x_wconf 88' lang='lat'>‚</span> 
     </span>
     <span class='ocr_line' id='line_1_23' title="bbox 105 1692 1370 1747; baseline -0.001 -14"><span class='ocrx_word' id='word_1_179' title='bbox 105 1693 302 1734; x_wconf 64' lang='lat' dir='ltr'>‘Venerem</span> <span class='ocrx_word' id='word_1_180' title='bbox 336 1693 544 1732; x_wconf 78' lang='lat' dir='ltr'>distantiam</span> <span class='ocrx_word' id='word_1_181' title='bbox 580 1693 676 1732; x_wconf 79' lang='lat' dir='ltr'>suam</span> <span class='ocrx_word' id='word_1_182' title='bbox 715 1706 734 1732; x_wconf 82' lang='lat' dir='ltr'>a</span> <span class='ocrx_word' id='word_1_183' title='bbox 761 1692 859 1735; x_wconf 87' lang='lat' dir='ltr'>Sole</span> <span class='ocrx_word' id='word_1_184' title='bbox 895 1704 1070 1747; x_wconf 86' lang='lat' dir='ltr'>tempore</span> <span class='ocrx_word' id='word_1_185' title='bbox 1102 1693 1270 1733; x_wconf 53' lang='lat' dir='ltr'>*transitus</span> <span class='ocrx_word' id='word_1_186' title='bbox 1303 1705 1370 1745; x_wconf 86' lang='lat' dir='ltr'>pet</span> 
     </span>
     <span class='ocr_line' id='line_1_24' title="bbox 108 1755 1371 1806; baseline -0.002 -9"><span class='ocrx_word' id='word_1_187' title='bbox 108 1756 242 1798; x_wconf 87' lang='lat' dir='ltr'>Solem</span> <span class='ocrx_word' id='word_1_188' title='bbox 278 1756 490 1795; x_wconf 77' lang='lat' dir='ltr'>sensibiliter</span> <span class='ocrx_word' id='word_1_189' title='bbox 520 1767 596 1794; x_wconf 90' lang='lat' dir='ltr'>non</span> <span class='ocrx_word' id='word_1_190' title='bbox 630 1765 810 1806; x_wconf 82' lang='lat' dir='ltr'>mutare,</span> <span class='ocrx_word' id='word_1_191' title='bbox 848 1766 976 1796; x_wconf 84' lang='lat' dir='ltr'>motus</span> <span class='ocrx_word' id='word_1_192' title='bbox 1009 1757 1126 1796; x_wconf 87' lang='lat' dir='ltr'>centri</span> <span class='ocrx_word' id='word_1_193' title='bbox 1162 1757 1244 1805; x_wconf 61' lang='lat' dir='ltr'>§pris</span> <span class='ocrx_word' id='word_1_194' title='bbox 1276 1755 1371 1802; x_wconf 70' lang='lat' dir='ltr'>(re-</span> 
     </span>
     <span class='ocr_line' id='line_1_25' title="bbox 111 1815 1365 1871; baseline -0.002 -10"><span class='ocrx_word' id='word_1_195' title='bbox 111 1820 242 1861; x_wconf 84' lang='lat' dir='ltr'>latiuus</span> <span class='ocrx_word' id='word_1_196' title='bbox 273 1818 318 1858; x_wconf 81' lang='lat' dir='ltr'>ad</span> <span class='ocrx_word' id='word_1_197' title='bbox 356 1817 485 1859; x_wconf 86' lang='lat' dir='ltr'>Solem</span> <span class='ocrx_word' id='word_1_198' title='bbox 520 1818 761 1868; x_wconf 85' lang='lat' dir='ltr'>immotum)</span> <span class='ocrx_word' id='word_1_199' title='bbox 797 1821 833 1858; x_wconf 90' lang='lat' dir='ltr'>in</span> <span class='ocrx_word' id='word_1_200' title='bbox 866 1819 972 1859; x_wconf 64' lang='lat' dir='ltr'>disto</span> <span class='ocrx_word' id='word_1_201' title='bbox 1004 1819 1121 1871; x_wconf 81' lang='lat' dir='ltr'>plano</span> <span class='ocrx_word' id='word_1_202' title='bbox 1162 1815 1257 1860; x_wconf 92' lang='lat' dir='ltr'>YZ</span> <span class='ocrx_word' id='word_1_203' title='bbox 1309 1828 1365 1859; x_wconf 70' lang='lat' dir='ltr'>re&#39;-</span> 
     </span>
     <span class='ocr_line' id='line_1_26' title="bbox 111 1880 1367 1937; baseline -0.001 -15"><span class='ocrx_word' id='word_1_204' title='bbox 111 1881 331 1937; x_wconf 75' lang='lat' dir='ltr'>praesentari</span> <span class='ocrx_word' id='word_1_205' title='bbox 367 1880 487 1934; x_wconf 22' lang='lat' dir='ltr'>poffiti</span> <span class='ocrx_word' id='word_1_206' title='bbox 510 1881 556 1921; x_wconf 83' lang='lat' dir='ltr'>ad</span> <span class='ocrx_word' id='word_1_207' title='bbox 588 1881 744 1921; x_wconf 73' lang='lat' dir='ltr'>ducstum</span> <span class='ocrx_word' id='word_1_208' title='bbox 780 1881 904 1922; x_wconf 62' lang='lat' dir='ltr'>restae</span> <span class='ocrx_word' id='word_1_209' title='bbox 937 1882 1072 1931; x_wconf 73' lang='lat' dir='ltr'>lineae,</span> <span class='ocrx_word' id='word_1_210' title='bbox 1100 1890 1143 1921; x_wconf 78' lang='lat' dir='ltr'>vt</span> <span class='ocrx_word' id='word_1_211' title='bbox 1175 1881 1255 1935; x_wconf 85' lang='lat' dir='ltr'>IE,</span> <span class='ocrx_word' id='word_1_212' title='bbox 1275 1883 1367 1934; x_wconf 70' lang='lat' dir='ltr'>quae</span> 
     </span>
     <span class='ocr_line' id='line_1_27' title="bbox 111 1942 1369 1997; baseline -0.002 -12"><span class='ocrx_word' id='word_1_213' title='bbox 111 1945 172 1986; x_wconf 79' lang='lat' dir='ltr'>sub</span> <span class='ocrx_word' id='word_1_214' title='bbox 206 1944 330 1984; x_wconf 86' lang='lat' dir='ltr'>debita</span> <span class='ocrx_word' id='word_1_215' title='bbox 361 1945 420 1985; x_wconf 78' lang='lat' dir='ltr'>ad&#39;</span> <span class='ocrx_word' id='word_1_216' title='bbox 442 1942 670 1997; x_wconf 84' lang='lat' dir='ltr'>Eclipticam</span> <span class='ocrx_word' id='word_1_217' title='bbox 706 1943 792 1985; x_wconf 87' lang='lat' dir='ltr'>AB</span> <span class='ocrx_word' id='word_1_218' title='bbox 819 1975 829 1993; x_wconf 82' lang='grc'><em>,</em></span> <span class='ocrx_word' id='word_1_219' title='bbox 868 1945 999 1984; x_wconf 85' lang='lat' dir='ltr'>itidem</span> <span class='ocrx_word' id='word_1_220' title='bbox 1035 1944 1274 1994; x_wconf 70' lang='lat' dir='ltr'>restilineam,</span> <span class='ocrx_word' id='word_1_221' title='bbox 1296 1956 1369 1997; x_wconf 84' lang='lat' dir='ltr'>po-</span> 
     </span>
     <span class='ocr_line' id='line_1_28' title="bbox 109 2004 1371 2059; baseline -0.001 -10"><span class='ocrx_word' id='word_1_222' title='bbox 109 2008 241 2049; x_wconf 72' lang='lat' dir='ltr'>sitione</span> <span class='ocrx_word' id='word_1_223' title='bbox 269 2004 464 2059; x_wconf 53' lang='lat' dir='ltr'>speetator‘i</span> <span class='ocrx_word' id='word_1_224' title='bbox 496 2008 532 2047; x_wconf 91' lang='lat' dir='ltr'>in</span> <span class='ocrx_word' id='word_1_225' title='bbox 565 2017 697 2047; x_wconf 89' lang='lat' dir='ltr'>centro</span> <span class='ocrx_word' id='word_1_226' title='bbox 730 2010 884 2048; x_wconf 51' lang='lat' dir='ltr'>Terrae¹</span> <span class='ocrx_word' id='word_1_227' title='bbox 908 2004 948 2046; x_wconf 84' lang='grc' dir='ltr'><strong>Τ</strong></span> <span class='ocrx_word' id='word_1_228' title='bbox 997 2004 1182 2048; x_wconf 72' lang='lat' dir='ltr'>Semitam&#39;</span> <span class='ocrx_word' id='word_1_229' title='bbox 1225 2009 1371 2048; x_wconf 54' lang='lat' dir='ltr'>teneris</span> 
     </span>
     <span class='ocr_line' id='line_1_29' title="bbox 113 2068 1369 2125; baseline -0.002 -14"><span class='ocrx_word' id='word_1_230' title='bbox 113 2077 354 2125; x_wconf 74' lang='lat' dir='ltr'>apparentem</span> <span class='ocrx_word' id='word_1_231' title='bbox 386 2080 571 2124; x_wconf 87' lang='lat' dir='ltr'>exponat.</span> <span class='ocrx_word' id='word_1_232' title='bbox 603 2070 649 2111; x_wconf 92' lang='lat' dir='ltr'>In</span> <span class='ocrx_word' id='word_1_233' title='bbox 683 2073 822 2113; x_wconf 90' lang='lat' dir='ltr'>eodem</span> <span class='ocrx_word' id='word_1_234' title='bbox 844 2071 961 2124; x_wconf 72' lang='lat' dir='ltr'>plano</span> <span class='ocrx_word' id='word_1_235' title='bbox 977 2071 1266 2124; x_wconf 78' lang='lat' dir='ltr'>adEclipticam</span> <span class='ocrx_word' id='word_1_236' title='bbox 1288 2068 1369 2109; x_wconf 86' lang='lat' dir='ltr'>AB</span> 
     </span>
     <span class='ocr_line' id='line_1_30' title="bbox 114 2131 1366 2187; baseline -0.002 -13"><span class='ocrx_word' id='word_1_237' title='bbox 114 2135 154 2175; x_wconf 90' lang='lat' dir='ltr'>in</span> <span class='ocrx_word' id='word_1_238' title='bbox 188 2131 223 2174; x_wconf 91' lang='lat' dir='ltr'>C</span> <span class='ocrx_word' id='word_1_239' title='bbox 235 2133 636 2187; x_wconf 69' lang='lat' dir='ltr'>-perpendicularis&#39;stt</span> <span class='ocrx_word' id='word_1_240' title='bbox 668 2132 736 2174; x_wconf 75' lang='lat' dir='ltr'>&lt;xC</span> <span class='ocrx_word' id='word_1_241' title='bbox 769 2135 842 2175; x_wconf 71' lang='lat' dir='ltr'>vel&#39;</span> <span class='ocrx_word' id='word_1_242' title='bbox 864 2133 977 2175; x_wconf 74' lang='lat' dir='ltr'>aco</span> <span class='ocrx_word' id='word_1_243' title='bbox 1029 2144 1175 2187; x_wconf 77' lang='lat' dir='ltr'>partem</span> <span class='ocrx_word' id='word_1_244' title='bbox 1227 2132 1366 2173; x_wconf 56' lang='lat' dir='ltr'>refiili*</span> 
     </span>
     <span class='ocr_line' id='line_1_31' title="bbox 110 2193 1365 2249; baseline -0.004 -12"><span class='ocrx_word' id='word_1_245' title='bbox 110 2209 224 2238; x_wconf 82' lang='lat' dir='ltr'>neam</span> <span class='ocrx_word' id='word_1_246' title='bbox 255 2197 444 2238; x_wconf 82' lang='lat' dir='ltr'>exhibens·</span> <span class='ocrx_word' id='word_1_247' title='bbox 467 2197 595 2237; x_wconf 88' lang='lat' dir='ltr'>circuli</span> <span class='ocrx_word' id='word_1_248' title='bbox 627 2197 834 2239; x_wconf 80' lang='lat' dir='ltr'>latitudinis</span> <span class='ocrx_word' id='word_1_249' title='bbox 866 2199 917 2237; x_wconf 87' lang='lat' dir='ltr'>in·</span> <span class='ocrx_word' id='word_1_250' title='bbox 938 2197 1036 2238; x_wconf 61' lang='lat' dir='ltr'>dista</span> <span class='ocrx_word' id='word_1_251' title='bbox 1076 2196 1225 2249; x_wconf 74' lang='lat' dir='ltr'>sphaera</span> <span class='ocrx_word' id='word_1_252' title='bbox 1276 2193 1365 2236; x_wconf 79' lang='lat' dir='ltr'>radii</span> 
     </span>
     <span class='ocr_line' id='line_1_32' title="bbox 110 2257 1366 2316; baseline -0.006 -13"><span class='ocrx_word' id='word_1_253' title='bbox 110 2258 182 2303; x_wconf 81' lang='lat' dir='ltr'>SC</span> <span class='ocrx_word' id='word_1_254' title='bbox 212 2273 287 2316; x_wconf 88' lang='lat' dir='ltr'>pro</span> <span class='ocrx_word' id='word_1_255' title='bbox 318 2271 459 2302; x_wconf 78' lang='lat' dir='ltr'>centro</span> <span class='ocrx_word' id='word_1_256' title='bbox 479 2259 580 2303; x_wconf 73' lang='lat' dir='ltr'>Solis</span> <span class='ocrx_word' id='word_1_257' title='bbox 612 2262 649 2301; x_wconf 89' lang='lat' dir='ltr'>in</span> <span class='ocrx_word' id='word_1_258' title='bbox 683 2260 721 2302; x_wconf 80' lang='lat' dir='ltr'>C.</span> <span class='ocrx_word' id='word_1_259' title='bbox 754 2263 834 2301; x_wconf 81' lang='lat' dir='ltr'>viso</span> <span class='ocrx_word' id='word_1_260' title='bbox 865 2273 885 2301; x_wconf 86' lang='lat' dir='ltr'>a</span> <span class='ocrx_word' id='word_1_261' title='bbox 917 2261 1127 2314; x_wconf 56' lang='lat' dir='ltr'>speciatore</span> <span class='ocrx_word' id='word_1_262' title='bbox 1159 2261 1199 2299; x_wconf 87' lang='lat' dir='ltr'>in</span> <span class='ocrx_word' id='word_1_263' title='bbox 1230 2259 1281 2309; x_wconf 79' lang='lat' dir='ltr'>T,</span> <span class='ocrx_word' id='word_1_264' title='bbox 1315 2257 1366 2295; x_wconf 73' lang='lat' dir='ltr'>ita</span> 
     </span>
    </p>

    <p class='ocr_par' dir='ltr' id='par_1_6' title="bbox 682 2323 1366 2368">
     <span class='ocr_line' id='line_1_33' title="bbox 682 2323 1366 2368; baseline -0.01 0"><span class='ocrx_word' id='word_1_265' title='bbox 682 2323 755 2368; x_wconf 82' lang='lat' dir='ltr'>sss</span> <span class='ocrx_word' id='word_1_266' title='bbox 791 2336 814 2362; x_wconf 88' lang='lat'>2</span> <span class='ocrx_word' id='word_1_267' title='bbox 1325 2325 1366 2357; x_wconf 81' lang='lat' dir='ltr'>vt</span> 
     </span>
    </p>
   </div>
  </div>
 </body>
</html>
