1972 2652
593 214 612 242 1
625 214 649 240 2
1010 196 1125 249 mss-:3
1159 194 1172 252 )
1204 207 1232 239 0
1267 195 1283 245 <
1317 195 1432 247 se·-

586 320 711 352 cetur.
777 307 966 368 Quaestio
998 309 1111 350 enim
1147 309 1203 349 ita
1236 307 1469 363 propolim,
1505 313 1552 346 vt
1585 305 1674 346 data
1715 299 1843 360 quanss

587 377 704 417 tit-ate
737 375 775 415 V
815 383 1023 428 vtcunque
1044 386 1095 414 ex
1119 373 1221 413 binis
1246 372 1504 413 variabilibus
1537 383 1589 420 x,
1607 382 1661 421 y,
1680 383 1842 412 earum-

584 453 664 494 que
695 437 1022 480 differentialibus
1055 439 1329 491 cuiuscunque
1361 437 1512 477 ordinis
1534 466 1545 487 ‚
1580 436 1677 488 quin
1720 436 1842 474 etiam

582 516 634 544 ex
669 503 855 544 formulis
889 501 1150 555 integralibus
1184 510 1391 554 vtcunque
1423 500 1626 550 conflata,
1665 511 1708 538 ea
1741 499 1844 538 inter

584 580 614 607 x
647 576 687 607 et
704 582 737 618 y
768 567 913 609 relatio
945 567 1171 618 inuestigari
1202 567 1364 617 debeat,
1399 578 1477 619 qua
1508 562 1705 605 formulae
1740 564 1844 602 inte-

585 628 686 681 grali
712 630 745 681 s
757 629 793 665 V
814 628 886 665 dx
921 630 1127 665 maximus
1161 631 1411 668 minimusue
1445 628 1559 671 valor
1582 621 1849 667 concilietur}

583 692 663 734 hoc
697 692 863 744 inquam
898 689 1022 729 modo
1055 688 1231 741 quaestio
1265 688 1467 740 proposita
1503 689 1662 740 prorsus
1694 686 1845 730 aGeo-

586 756 731 797 metria
767 754 1027 804 segregatur3
1067 763 1118 792 ex
1153 763 1236 804 quo
1269 751 1393 790 etiam
1425 749 1642 791 methodus
1675 753 1848 803 genuina

583 833 677 862 eam
712 816 934 858 resoluendi
975 830 998 856 a
1036 813 1271 857 Geometria
1313 815 1509 856 immunis
1548 814 1621 854 effe
1660 815 1846 856 debebat:

585 894 628 926 et
660 895 744 937 quo
776 879 984 921 difficilius
1018 878 1206 931 Analysis
1240 878 1287 918 ad
1329 878 1438 920 hunc
1477 881 1646 933 scopum
1690 891 1847 920 accom-

585 948 744 990 modari
780 953 951 1000 poterat,
968 956 1017 984 eo
1051 944 1206 984 maiora
1229 945 1477 984 incrementa
1504 944 1627 982 huius
1655 943 1853 993 scientiae,

586 1012 617 1053 fi
650 1024 712 1051 res
753 1009 969 1051 successerit
989 1040 1000 1059 ‚
1041 1008 1194 1048 merito
1240 1009 1393 1061 sperare
1434 1008 1589 1048 licebat.
1671 1004 1850 1046 Tametsi

586 1085 726 1116 autem
763 1075 923 1115 Auctor
955 1072 1002 1112 de
1035 1071 1114 1113 hoc
1146 1073 1217 1113 diu
1251 1071 1516 1126 multumque
1550 1071 1643 1111 effet
1677 1070 1850 1111 medita-

586 1149 652 1179 tus
673 1171 684 1188 ,
718 1148 838 1189 atque
868 1137 1008 1173 amicis
1041 1136 1120 1170 hoc
1155 1133 1394 1170 desiderium
1427 1131 1639 1181 aperuisset
1659 1159 1670 1178 ‚
1717 1139 1852 1171 tamen

587 1202 739 1252 gloriae
760 1201 912 1251 primae
947 1193 1194 1233 inuentionis
1226 1191 1452 1232 acutiffimo
1476 1190 1719 1234 Geometrae
1739 1193 1851 1232 Tau-

586 1261 732 1306 rinenfi
770 1262 807 1302 la
843 1257 1004 1309 Grange
1045 1266 1129 1297 erat
1172 1255 1365 1296 reseruata
1386 1287 1398 1304 ‚
1448 1258 1518 1310 qui
1560 1253 1637 1295 sola
1679 1255 1851 1308 Analyfi

586 1328 678 1368 vsus
720 1326 887 1365 eandem
929 1321 1046 1374 plane
1086 1319 1332 1361 solutionem
1377 1319 1430 1360 est
1479 1321 1678 1372 adeptus,
1727 1333 1851 1374 quam

587 1391 747 1434 Auctor
777 1402 827 1429 ex
850 1384 1227 1429 considerationibus
1252 1385 1508 1436 geometricis
1532 1383 1732 1425 elicuerat.
1768 1386 1851 1425 Ve-

587 1469 684 1498 rum
717 1453 797 1508 ipsa
831 1451 903 1493 illa
937 1448 1086 1491 solutio
1121 1449 1177 1488 ita
1209 1459 1292 1489 erat
1325 1459 1551 1503 comparata
1574 1480 1585 1500 ‚
1621 1458 1666 1489 vt
1702 1461 1851 1490 nouam

588 1520 706 1576 plane
740 1515 960 1568 Analyseos
994 1513 1165 1567 speciem
1199 1514 1450 1565 constituere,
1468 1516 1632 1567 eiusque
1655 1513 1754 1553 fines
1770 1527 1850 1555 non

589 1584 848 1626 mediocriter
893 1589 1134 1632 promouere
1156 1610 1167 1629 ‚
1205 1579 1441 1628 videretur3
1475 1591 1527 1618 ex
1561 1590 1642 1632 quo
1676 1579 1851 1619 Auum-1

588 1646 738 1689 occasio
768 1646 824 1686 est
855 1642 984 1683 oblata
1020 1640 1119 1682 hanc
1153 1641 1362 1684 scientiam
1393 1655 1503 1683 nouo
1538 1642 1694 1684 Calculi
1728 1654 1850 1694 gene-

588 1724 631 1753 re
661 1708 964 1764 locupletandi,
998 1718 1120 1760 quem
1171 1705 1363 1747 Cala-ulum
1416 1708 1670 1748 variationmn
1712 1705 1850 1759 appel-

589 1774 666 1827 lat,
699 1784 739 1814 et
773 1774 887 1812 cuius
918 1770 1119 1809 elementa
1149 1769 1215 1807 hic
1250 1772 1405 1809 tradere
1438 1783 1480 1807 ac
1514 1770 1685 1810 dilucide
1715 1768 1851 1821 expli-

588 1853 676 1882 care
710 1833 949 1875 constituit.‘
998 1830 1073 1869 Hic
1106 1831 1269 1882 quidem
1297 1830 1471 1868 calculus
1506 1832 1670 1882 perinde
1701 1844 1742 1869 ac
1775 1833 1852 1872 dif—

589 1896 806 1944 fierentialis
841 1895 883 1934 in
922 1893 1178 1935 incrementis
1211 1892 1369 1933 infinite
1396 1894 1530 1946 paruis
1558 1895 1660 1933 inter
1678 1893 1712 1932 se
1736 1907 1849 1935 com-

591 1963 769 2021 parandis
806 1959 998 2006 versatur,
1018 1969 1165 1997 verum
1200 1957 1241 1996 in
1276 1958 1428 1997 ratione
1460 1956 1704 1997 tractationis
1738 1958 1783 1998 ab
1803 1973 1852 1999 eo

590 2030 769 2072 maxime
804 2024 1008 2076 discrepat.
1052 2021 1160 2063 Cum
1194 2020 1305 2061 enim
1340 2023 1380 2061 in
1414 2021 1568 2062 calculo
1597 2022 1847 2062 differentiali

590 2105 640 2133 ex
675 2093 760 2132 data
796 2089 1071 2142 quantitatum
1107 2084 1365 2126 variabilium
1392 2085 1602 2136 relatione,
1622 2085 1761 2125 relatio
1784 2087 1846 2126 in-

592 2166 650 2200 ter
684 2166 824 2198 earum
858 2149 1134 2194 differentiam-a
1165 2150 1355 2204 cuiusque
1389 2150 1541 2192 ordinis
1568 2150 1846 2203 inuestigetur3

1805 2226 1847 2254 m
