1972 2652
362 230 1123 282 PARALLAXEOS.
1283 243 1386 288 433·

107 348 243 408 Sicque
274 351 504 393 obtinuimus
552 352 819 405 aequationem
848 383 861 403 ,
909 361 964 391 ex
1015 361 1087 403 qua
1132 359 1379 390 momentum

108 416 360 459 immersionis
408 426 446 456 et
499 417 724 456 emersionis
775 426 846 468 pro
889 413 1033 469 punc‘to
1065 427 1109 466 s,
1141 412 1249 455 simul
1277 423 1376 455 vero

105 494 180 537 pro
212 481 357 534 puncto
388 492 447 528 m,
479 480 723 520 determinari
758 478 898 532 potest.

258 553 492 595 Methodum
516 587 527 606 ‚
559 565 656 607 quae
689 553 898 594 adhibenda
921 578 934 602 ‚
987 562 1032 593 vt
1063 565 1143 607 ope
1178 553 1286 596 huius
1317 562 1382 592 ae-

110 617 295 671 quationis
328 630 571 658 momentum
601 616 802 669 quaesitum
837 627 1015 669 eruatur,
1057 616 1119 659 hic
1152 630 1231 658 non
1263 616 1384 657 attin-

110 682 262 734 gimus,
310 693 399 721 cum
433 680 536 735 supra
577 682 743 733 prolatae
792 682 958 719 omnino
997 680 1040 719 fit
1091 680 1234 721 finwilis.
1332 677 1383 720 Id

110 745 228 785 solum
280 755 412 784 notare
460 746 641 796 expediet
666 772 678 787 ,
727 742 799 782 effe
833 735 1207 797 5²:2²-v²—r¹,
1241 755 1283 784 ac
1308 773 1321 794 ‚
1353 741 1384 784 fi

110 807 399 860 approximatio
431 808 506 845 iam
538 817 587 843 eo
619 805 800 857 perducta
830 804 906 848 est.
944 813 986 843 vt
1021 816 1270 846 momentum
1306 807 1385 846 im-

111 869 331 920 mersionis,
362 868 421 907 vel
453 867 692 920 emerfionis‚
725 869 804 908 iam
837 867 935 907 intra
966 879 1132 909 errorem
1167 870 1273 910 vnius
1290 868 1386 909 alte-

109 943 235 982 riusue
267 940 402 981 minuti
432 941 547 993 primi
584 941 818 989 innotuerit,
869 941 1075 981 terminum
1112 929 1278 1002 ‚1212th
1312 952 1385 994 pro

110 1004 293 1046 constanti
328 1003 461 1044 haberi
493 1004 632 1058 posse·⁷
682 1013 914 1058 quapropter
947 1004 1082 1045 lolutio
1114 1007 1386 1058 problematis,

111 1080 186 1122 pro
220 1067 343 1108 hocce
375 1067 455 1108 casu
492 1070 558 1107 vix
590 1066 780 1109 difficilior
813 1067 972 1120 euadit,
1021 1080 1134 1121 quam
1169 1081 1242 1121 pro
1282 1069 1384 1121 prius

113 1132 271 1171 euoluto
291 1157 303 1179 ‚
358 1133 425 1170 vbi
476 1131 604 1171 annuli
654 1132 780 1172 conici
809 1131 972 1171 Terram
1003 1130 1159 1172 secantis
1189 1141 1384 1172 curuatura

115 1195 256 1248 prorius
288 1193 557 1244 negligebatur.

253 1264 455 1319 Expedito
475 1265 564 1327 ,hoc
596 1267 752 1320 negotio
772 1299 785 1320 ,
836 1267 985 1310 casuum
1006 1295 1021 1319 ‚
1067 1280 1162 1323 quos
1193 1268 1297 1325 supra
1330 1268 1388 1309 in·

116 1328 357 1380 dicauimus,
408 1329 529 1371 adhuc
564 1331 690 1372 tertius
723 1333 758 1372 se
796 1333 906 1373 nobis
948 1333 1092 1383 offert,
1141 1333 1211 1372 vbi
1262 1331 1392 1373 annuli

117 1394 242 1434 conici
273 1394 459 1435 diameter
490 1394 622 1435 existet
653 1403 703 1434 ita
737 1407 846 1447 parua
868 1425 881 1445 ,
926 1403 972 1434 vt
1029 1395 1221 1436 minorem
1271 1408 1391 1449 quan-

117 1458 207 1496 dam
244 1458 290 1496 ad
325 1457 552 1497 diametrum
588 1466 708 1497 terrae
742 1456 875 1498 habeat
907 1457 1110 1498 rationem.
1194 1458 1392 1500 Locantut·

116 1529 204 1561 tunc
237 1519 374 1574 punsta
409 1521 568 1572 omnia,
600 1522 739 1561 eodem
774 1531 982 1561 momento
1002 1553 1013 1575 ‚
1049 1521 1223 1563 Planetae
1255 1520 1393 1563 aSolis

118 1594 249 1627 centro
281 1583 569 1634 dung-itionem
593 1613 605 1633 ‚
650 1583 713 1622 sub
747 1584 885 1623 eodem
916 1585 1187 1636 conlpicientia
1218 1584 1361 1638 angulo
1380 1615 1393 1637 ,

124 1645 162 1684 in
194 1656 310 1684 curua
344 1647 506 1696 quadam
526 1674 537 1694 ‚
585 1645 731 1699 duplici
764 1655 957 1687 curuatura
991 1647 1155 1700 praedita
1175 1675 1186 1696 ,
1235 1660 1281 1687 ac
1320 1648 1392 1688 de-

122 1707 258 1760 scriptu
308 1707 392 1747 satis
440 1707 601 1750 difficili.
692 1709 779 1752 Nec
820 1711 942 1750 minus
973 1710 1151 1751 formulae
1184 1711 1393 1764 analyticae

126 1782 200 1824 pro
232 1770 305 1810 hoc
334 1771 414 1811 casu
451 1772 621 1812 vala-ntes
653 1774 862 1818 admodum
904 1774 1084 1814 euadunt·
1115 1774 1387 1828 complicatae.

126 1831 228 1874 Cum
262 1844 389 1874 autem
424 1833 522 1875 casus
554 1835 619 1876 iste
659 1837 704 1877 ad
736 1837 935 1890 negotium
956 1868 967 1886 ,
1018 1838 1118 1889 quod
1167 1838 1392 1893 tractamus,

126 1897 241 1951 plane
294 1911 373 1938 nun
432 1900 623 1953 pertineat
650 1930 664 1952 ,
720 1904 885 1943 omnino
931 1899 1059 1956 ipsum
1110 1900 1177 1943 hic
1224 1912 1397 1958 praeter·

129 1971 329 2003 mittimus.

398 2139 898 2153 —————
903 2141 1135 2154 —m

682 2259 717 2301 L
735 2259 749 2302 1
766 2259 780 2301 l
815 2270 839 2308 3
1179 2252 1390 2302 DISSER·
