1972 2652
562 159 680 222 332³.ss
712 166 730 223 >
757 160 787 210 6
821 163 836 218 (
868 164 982 219 gg«.
1335 164 1392 219 {¹

140 276 282 335 iugeri
303 311 315 333 ,
349 275 481 323 stiltim
515 293 596 321 non
631 282 778 324 variari
803 313 814 334 ‚
843 290 883 323 et
915 293 937 321 e
966 279 1172 325 contrario
1204 278 1402 337 augetur3

139 359 274 401 quum
304 344 514 398 diminui,
550 356 655 387 certe
688 348 795 388 idem
829 358 988 387 manere
1020 348 1166 389 debeat.

291 410 369 451 Pro
401 409 629 451 diuerfitate
662 410 886 451 fluidorum
909 442 919 462 ,
960 423 1062 465 quae
1103 413 1150 452 ad
1196 411 1292 454 haec
1326 423 1401 452 ex·-

140 474 367 525 perimenta
408 473 499 514 sunt
538 475 692 527 electa,
744 475 890 516 caloris
932 475 1156 515 diminutio
1192 477 1321 516 maior
1361 484 1403 516 et

142 537 279 577 minor
327 539 563 591 adparebat,
615 541 715 595 quin
758 540 799 579 in
842 539 1080 592 quibusdam
1115 537 1250 579 fluidis
1286 536 1401 578 nulla

142 597 258 652 plane
292 602 613 653 conspiciebatur.
678 602 973 650 Experimenta
1014 602 1058 638 in
1089 601 1272 639 conclaui
1313 601 1404 642 sunt

142 662 323 702 instituta
345 695 356 714 ,
397 663 504 717 quod
538 663 606 704 vel
635 661 816 700 eiusdem
859 660 1069 711 temperiei
1103 673 1201 700 cum
1234 660 1371 701 fluidis
1391 693 1403 714 ,

142 725 211 766 vel
245 727 410 765 calidius
442 725 524 763 illis
557 730 654 762 erat.

293 787 342 828 In
374 786 462 827 casu
497 787 628 837 igitur
664 785 794 840 priori
824 783 1173 828 thermometrum
1208 784 1410 830 mercnr1-'

137 849 201 893 ale
233 851 341 904 quod
373 851 427 891 est
459 851 704 901 adhibitum,
722 850 896 891 eundem
928 851 1071 893 caloris
1088 853 1262 906 gradum
1283 866 1406 894 mon-

141 916 264 958 strare
297 916 458 957 debebat
479 947 490 967 ,
528 928 578 956 ex
614 915 743 957 fluido
772 916 1003 957 extractum
1023 950 1036 970 ,
1067 930 1190 971 quem
1225 917 1406 969 habebat,

141 979 271 1020 fluido
301 980 433 1022 adhuc
468 981 713 1021 immersum
734 1011 746 1031 ,
780 988 821 1018 et
852 982 894 1022 in
926 982 1015 1023 casu
1052 983 1263 1035 posteriori
1299 982 1410 1022 calor

138 1045 280 1093 augeri
317 1057 444 1097 eoque
477 1045 825 1085 thermometrum
857 1045 1082 1087 adscendere
1115 1047 1283 1088 debebat.
1329 1044 1407 1087 Sed

141 1106 184 1145 in
218 1113 391 1156 Vtroque
425 1107 511 1144 casu
547 1107 652 1144 secus
683 1106 834 1144 accidit.
901 1107 1024 1146 Calor
1057 1110 1168 1146 enim
1201 1112 1255 1148 est
1279 1109 1405 1147 dimi-

141 1176 264 1207 nutus
298 1167 452 1217 semper
488 1167 528 1203 in
564 1165 764 1217 plerisque
796 1165 930 1204 fluidis
966 1170 1128 1206 tentatis
1157 1199 1168 1216 ‚
1201 1183 1297 1208 cum
1332 1184 1406 1210 ex-

139 1231 322 1282 ceptione
358 1236 492 1267 tamen
527 1229 784 1280 quorundam
805 1257 817 1277 ,
847 1240 949 1281 quae
983 1228 1051 1268 vel
1087 1228 1205 1282 plane
1241 1228 1403 1272 nullam

139 1294 283 1334 caloris
319 1293 589 1332 mutationem
612 1323 622 1343 ‚
662 1292 728 1332 vel
769 1304 915 1344 parum
951 1302 1022 1333 aut
1067 1291 1174 1332 nihil
1209 1295 1407 1336 mutatio-

139 1359 201 1399 nis
236 1356 518 1397 monstrarunt.
585 1356 652 1397 Ad
687 1369 730 1397 ea
764 1354 885 1397 fluida
907 1389 919 1408 ‚
959 1369 1059 1411 quae
1092 1357 1256 1409 frigoris
1291 1357 1402 1399 nihil

137 1421 208 1463 sub
241 1421 355 1461 dictis
392 1419 702 1461 circumstantiis
736 1421 960 1472 producere
1001 1419 1126 1463 solent
1148 1453 1158 1473 ‚
1200 1424 1404 1476 pertinent

140 1487 276 1526 omnia
310 1483 395 1526 olea
428 1484 604 1538 exprcffii
638 1493 678 1524 et
711 1484 914 1527 destinata.
976 1485 1152 1539 Spiritus
1183 1488 1283 1528 acidi
1305 1489 1400 1541 qui-

142 1550 267 1600 dam,
317 1559 363 1589 vt
405 1550 568 1603 spiritus
612 1549 709 1589 nitri
750 1558 791 1588 et
831 1549 948 1601 fiilis,
1000 1563 1147 1605 parum
1187 1561 1256 1591 aut
1295 1550 1402 1592 nihil

144 1613 382 1656 mutationis
416 1615 670 1655 ostenderunt
693 1644 705 1664 ‚
738 1624 907 1669 excepto
937 1612 1031 1655 oleo
1068 1614 1226 1655 vitrioli
1248 1648 1259 1667 ‚
1293 1616 1400 1668 quod

144 1679 235 1719 loco
268 1678 430 1728 frigoris
468 1688 506 1726 5.
544 1683 572 1717 6
607 1688 647 1717 et
683 1676 816 1729 plures
857 1679 1002 1730 gradus
1043 1680 1187 1719 caloris
1229 1678 1297 1716 sub
1337 1678 1404 1718 di-

144 1743 218 1780 etis
249 1735 554 1780 circumstantiis
597 1741 800 1789 produxit.
882 1741 1078 1779 Ceterum
1121 1742 1284 1792 spiritus
1323 1741 1406 1782 sul-

145 1803 320 1857 phuris,
362 1802 494 1849 aceti,
537 1800 694 1838 acidum
730 1802 854 1849 citri,
887 1811 1047 1839 acetum
1082 1803 1201 1852 vini,
1243 1804 1408 1855 spiritus

144 1867 232 1907 salis
265 1862 506 1904 ammoniaci
549 1862 708 1913 frigoris
749 1863 894 1914 gradus
928 1861 1085 1917 aliquot
1117 1865 1359 1916 produxere.

294 1927 342 1968 In
374 1926 562 1967 omnibus
596 1924 683 1966 aliis
718 1925 852 1968 fluidis
887 1927 1071 1977 tentam,
1089 1929 1306 1980 productio
1328 1926 1406 1972 [τί-ἔ

147 1991 256 2044 goris
290 1991 370 2031 sine
401 1992 513 2031 omni
543 1991 779 2045 exceptione
811 1991 1065 2044 cernebatur,
1101 2001 1148 2032 vt
1181 1994 1224 2033 in
1259 1995 1402 2048 spiritu

150 2056 240 2097 vini
279 2054 632 2106 rectificatiffimo,
674 2056 817 2107 spiritu
853 2057 938 2097 vini
970 2055 1138 2097 francico
1161 2088 1171 2107 ‚
1211 2057 1253 2097 in
1295 2061 1403 2100 vinis

148 2119 337 2162 omnibus
369 2120 527 2159 tentatis
549 2150 560 2170 ‚
594 2122 634 2160 in
667 2120 895 2175 cereuifiis‚
937 2121 979 2162 in
1011 2120 1276 2166 solutionibus
1309 2122 1403 2164 sali-

212 2183 334 2229 Tom.
345 2185 400 2226 X.
413 2183 523 2226 Nou.
536 2183 702 2229 Comm.
931 2185 957 2230 f
1291 2198 1363 2228 um
1383 2215 1396 2240 ,
