1972 2652
131 177 266 233 Aepini
286 208 297 228 ‚
330 175 634 217 obseruationes
657 176 852 231 quaedam
886 176 934 216 ad
967 178 1146 231 opticam
1181 179 1385 232 pertinen-

319 251 375 281 tes
408 250 495 292 pag.
529 245 632 282 282.
989 249 992 252 ’

130 305 311 346 Eiusdem
334 337 346 356 ‚
376 302 668 345 Similitudinis
701 304 917 345 effectuum
957 305 1020 344 vis
1058 304 1306 359 Magneticae
1347 315 1387 347 et

321 367 544 410 Elec'tricae
575 381 735 409 nouum
770 370 965 422 specimen
1006 381 1094 421 pag.
1135 375 1237 420 296.

133 432 299 475 Zeiheri
319 464 332 484 ‚
366 432 598 485 Descriptio
634 431 811 488 duplicis
853 432 1108 487 microscopii
1147 435 1283 475 solaris
1316 447 1387 488 ap-

324 506 484 551 paratus
517 497 681 538 obiectis
714 499 844 553 opacis
877 498 1051 551 adaptati
1085 511 1173 552 pag.
1213 511 1315 546 299.

132 559 312 602 Eiusdem
334 592 345 611 ‚
381 560 601 602 Methodus
643 564 825 614 expedita
865 562 1126 602 velocitatem
1169 562 1282 603 venti
1322 561 1388 603 ab-

320 622 494 665 solutam
524 622 818 667 determinandi
852 635 940 678 pag.
981 634 1085 673 302.

560 773 974 854 Physica.

135 917 327 968 B'raunl'i,
361 912 518 957 caloris
551 915 747 956 diminuti
780 925 821 955 et
854 912 960 955 autu
1010 913 1288 969 phaenomena
1319 926 1395 955 nu*-

324 992 372 1021 va
410 980 607 1033 paradoxa
628 1011 640 1032 ,
673 990 712 1019 et
742 979 1072 1020 considerationes
1115 991 1203 1034 pag.
1244 991 1347 1028 309.

97 1044 376 1086 JKoelreuteri
399 1073 409 1091 ‚
442 1045 615 1084 Piscium
658 1044 864 1085 rariorum
903 1057 925 1084 e
966 1044 1073 1085 Mus.
1115 1045 1272 1097 Petrop.
1324 1054 1397 1082 ex-

325 1113 562 1157 cerptorum
596 1105 897 1158 Descriptiones
939 1108 1193 1145 continuatae
1215 1135 1230 1154 ,
1267 1106 1398 1144 conti-

326 1168 467 1206 nuatio
496 1170 553 1206 X.
589 1166 666 1205 XI.
703 1169 805 1209 XII.
843 1168 970 1207 XIII.
1013 1181 1100 1219 pag.
1141 1180 1244 1215 329.

137 1230 317 1271 Eiusdem
338 1259 348 1278 ,
384 1228 567 1268 Dentalii
603 1228 862 1280 Ameflcani,
897 1230 1072 1281 ingentis
1105 1229 1398 1280 magnitudinis

325 1291 557 1345 Descriptio
590 1304 677 1346 pag.
719 1305 740 1341 3
752 1303 827 1341 52..

136 1357 293 1399 Brazmil
313 1389 326 1409 ⁷
360 1357 664 1398 obseruationes
706 1353 1046 1409 Meteorologicae
1088 1356 1265 1411 potiores
1305 1357 1398 1398 anni

325 1421 644 1463 MDCCLIX
695 1421 933 1474 Petroburgi
983 1421 1142 1474 saitae,
1177 1431 1217 1461 et
1251 1421 1293 1461 in
1334 1433 1398 1461 eas

326 1484 654 1527 considerationes
685 1499 773 1541 pag.
815 1499 836 1536 3
848 1496 924 1535 57..

138 1548 316 1591 Eiusdem
338 1581 349 1601 ,
381 1550 686 1591 obseruationes
717 1550 987 1603 Meteorolog2
1013 1550 1106 1591 anni
1133 1548 1392 1592 MDCCLX.

326 1614 446 1655 fatiae
478 1616 716 1669 Petroburgi‘
746 1629 835 1670 pag.
873 1620 975 1665 369.

141 1675 345 1719 Lehmamn'
366 1709 378 1729 ‚
411 1678 586 1718 Historia
627 1688 669 1719 et
710 1670 909 1721 Examen
949 1678 1193 1730 chymicum
1233 1676 1399 1730 Lapidis

331 1739 567 1791 Nephritici
602 1752 690 1791 pag.
731 1749 833 1788 381.

141 1799 346 1852 Eiusdem,
381 1800 447 1841 De
499 1801 718 1841 Entrochis
776 1812 817 1842 et
874 1802 1038 1842 Asteriis
1096 1801 1396 1842 columnaribus

333 1863 560 1905 trochleatis
607 1863 737 1916 vulgo
783 1869 874 1913 non
926 1856 1363 1921 &tbraubensteinen
1378 1897 1397 1922 Ι

330 1928 480 1969 accedit
513 1926 720 1982 problema
753 1929 800 1970 de
836 1929 1056 1982 petrefaeco
1083 1929 1290 1983 incognito
1319 1941 1396 1970 no-

331 1993 438 2035 viter
470 1993 637 2035 inuento
671 2003 758 2048 pag.
796 2004 906 2044 413.

741 2184 756 2224 i
793 2195 816 2232 3
1266 2181 1404 2235 Astro-
