1972 2652
443 198 1136 251 CAMPANARVM.
1331 206 1421 251 281*

161 317 202 363 ἷη
232 317 361 373 quouis
393 318 484 360 loco
514 316 541 361 S
573 320 728 361 denotat
748 348 760 369 ,
792 319 856 359 vbi
892 317 1081 372 imprimis
1115 316 1325 359 notandum
1361 317 1429 362 est.

165 384 377 425 normalem
412 381 581 425 SR:r
611 394 664 423 ex
696 382 836 424 calculo
869 381 1068 423 exceffiffe.
1135 379 1334 422 Caeterum
1369 382 1429 422 vi·

161 446 301 487 dentur
333 459 539 502 campanae
573 446 701 501 pulsae
743 446 842 487 hanc
889 447 1018 500 potius
1069 443 1192 499 legem
1247 445 1433 485 vibratio·

159 519 253 551 num
287 511 418 565 sequi,
452 523 563 565 quam
596 522 680 550 eam
703 542 714 562 ,
753 520 847 561 quae
878 508 1101 548 sectionibus
1132 508 1431 550 horizontalibus

160 574 355 614 conuenit.
449 576 615 630 Quare,
652 581 697 612 vt
730 583 869 612 omnes
916 571 1044 611 annuli
1093 574 1137 610 ad
1181 583 1288 625 pares
1321 574 1432 612 renos

162 637 329 678 edendos
378 636 653 691 disponantur,
708 633 849 675 necefle
882 634 935 672 est
966 664 977 682 ,
1023 633 1059 671 in
1094 632 1238 686 singuiis
1281 635 1370 675 locis
1401 631 1429 676 S

158 699 358 742 craffitiem
409 699 553 743 Ss:s
598 695 776 750 quadrato
830 695 924 734 radii
958 692 1133 750 QS-:q
1165 698 1234 735 effe
1270 710 1429 750 propor.

161 762 360 802 tionalem.
459 762 558 800 Hinc
592 768 801 810 campanae
835 755 1003 807 inferne,
1033 757 1098 797 vbi
1130 759 1343 811 amplitudo
1377 760 1431 801 est

159 825 334 865 maxima
357 853 368 873 ,
399 821 613 863 maximam
647 817 850 860 craffitiem
885 819 995 860 tribui
1030 820 1236 861 conueniet
1261 855 1271 874 ,
1312 824 1431 863 mmi-

160 899 271 928 mam
304 886 461 941 superne
498 886 593 926 circa
628 884 734 933 Aa,
766 882 832 922 vbi
864 884 1063 924 clauditur.
1130 885 1213 925 Hac
1248 885 1329 939 lege
1363 898 1431 926 ne-

157 949 311 1004 glec'ta‚
361 949 589 989 vibrationes
639 946 869 999 singulorum
916 960 937 987 a
972 946 1122 1001 reliquis
1154 948 1429 1002 turbabuntur,

157 1013 317 1067 indeque
348 1012 470 1056 sonus,
503 1012 566 1052 vel
600 1011 725 1051 minus
757 1008 875 1060 fortis,
910 1008 976 1049 vel
1005 1024 1149 1062 raucus,
1180 1014 1312 1053 edetur
1361 1011 1428 1053 In-

159 1077 276 1117 terim
313 1086 443 1116 tamen
478 1067 643 1114 nondum
676 1073 755 1112 finis
787 1073 959 1126 constat⁷
1013 1086 1101 1113 num
1133 1073 1226 1115 haec
1265 1075 1328 1114 lex
1380 1075 1428 1116 ad

160 1137 478 1178 constructionem
513 1146 784 1188 campanarum
816 1135 975 1174 absolute
1010 1135 1053 1176 fit
1074 1136 1291 1181 necessaria,
1311 1149 1432 1190 quan-

161 1199 367 1253 doquidem
400 1200 512 1252 longe
543 1199 612 1238 alia
647 1197 788 1237 ratione
822 1207 1031 1238 tremorem
1068 1201 1267 1252 concipere
1288 1200 1429 1256 potest,

159 1270 272 1316 atque
307 1263 370 1303 hic
401 1261 669 1315 supposuimus,
757 1259 999 1300 Desideratur
1034 1262 1164 1301 scilicet
1197 1262 1314 1302 adhuc
1348 1276 1429 1305 me-

160 1326 492 1376 thodus,motu-m
530 1324 736 1363 tremulum
773 1335 980 1375 corporum
1017 1321 1161 1363 formae
1179 1325 1429 1380 cuiuscunque

163 1387 399 1441 definiendi3
451 1386 626 1426 methodi
675 1388 775 1425 euim
829 1384 950 1425 adhuc
1000 1387 1152 1427 vsitatae
1195 1396 1345 1429 tautum
1380 1390 1427 1430 ad

160 1461 264 1491 certa
298 1463 504 1505 corporum
540 1462 675 1502 genera
707 1454 784 1489 tunt
840 1447 1006 1488 τείὶτιᾶει
1028 1482 1040 1502 .‚
1089 1451 1297 1491 cuiusmodi
1346 1452 1428 1493 sunt

160 1516 297 1555 cordae
319 1544 330 1563 ‚
380 1513 442 1554 vel
493 1513 654 1554 laminae
705 1512 935 1552 tenuiffimae
954 1543 965 1562 ,
998 1525 1107 1565 quare
1140 1513 1196 1554 his
1221 1543 1232 1557 ,
1261 1527 1355 1568 quae
1387 1515 1426 1556 in

162 1576 228 1617 ista
262 1577 508 1617 dissertatione
540 1575 714 1629 exposui,
748 1575 827 1628 plus
858 1575 967 1614 tribui
1003 1588 1079 1616 uon
1114 1586 1279 1632 oportet,
1312 1588 1427 1631 quam

162 1651 232 1699 per
264 1639 493 1695 hypotheses
526 1639 694 1693 expresse
729 1638 900 1680 stabilitas
932 1637 1030 1680 licet.

411 1970 1169 1984 Q—*m-—ss-a—-m

224 2221 408 2270 Tom.X.
422 2225 528 2270 Nou.
542 2226 705 2270 Comm.
949 2228 993 2272 N
1013 2241 1037 2270 n
1227 2225 1423 2270 ΟΒΞΕΚν
