1972 2652
447 233 1107 284 ET'ASTERIIS.
1329 254 1414 295 μς

163 356 326 401 reddunt
343 387 354 408 ‚
385 354 564 396 Trochos
584 383 598 404 ,
630 354 846 396 Entroehos
862 388 873 407 ‚
924 354 1088 396 Asterias
1118 361 1158 394 et
1191 365 1319 395 earum
1354 367 1417 394 co-

160 421 308 464 lumnas
328 449 337 463 ,
384 418 524 473 lapides
572 418 802 460 trochleatos
852 419 896 459 ad
945 429 1066 458 vnum
1101 417 1276 470 idemque
1307 430 1420 471 genus

159 485 360 541 pertinere,
388 493 428 522 et
460 494 539 523 non
571 483 639 523 nifi
672 481 839 536 respestu
870 481 1006 536 speciei
1038 493 1060 521 a
1090 481 1126 521 se
1158 482 1319 522 inuicem
1350 481 1422 521 dif-

160 546 269 589 fferre.
311 547 574 589 Recordemur
604 546 674 586 hac
708 546 901 587 occasione
933 544 1067 599 lapidis
1098 544 1424 585 trochleatiHut-

159 609 357 650 tenrodani
405 609 541 650 stellati
589 609 688 649 Tab.
724 607 823 649 XII.
856 608 919 662 fig.
961 619 1001 656 ς.
1032 607 1207 648 delineati
1238 617 1278 648 et
1310 609 1343 658 §.
1382 617 1427 656 5.

159 672 351 726 descripti.
418 672 648 725 Argumenti
679 672 764 712 loco
797 684 915 724 porro
946 671 1119 711 inseruire
1148 672 1271 725 potest

280 733 324 788 δ)
385 731 629 789 Zoophyton
685 746 707 774 a
764 732 889 783 Mylzo
930 734 1159 785 descriptum
1204 735 1303 775 Tab.
1345 732 1422 776 XI.
1446 741 1528 778 Tab.
1551 739 1613 775 xi.

162 799 229 852 fig.
265 808 308 847 7.
342 799 443 852 quod
478 796 573 839 mihi
603 798 757 850 quidem
791 798 837 837 ad
872 796 1013 850 species
1045 796 1229 837 stellarum
1265 799 1429 839 marina-
1453 792 1523 840 Fig.
1550 802 1583 836 7-

162 873 247 902 1um
299 861 484 901 Encrinos
517 860 802 912 producentium
837 860 1027 913 pertinere
1061 860 1209 902 videtur
1229 891 1240 911 ,
1286 870 1324 902 et
1354 861 1428 902 for-

164 921 256 966 sitan
291 936 410 964 vnum
444 922 620 976 idemque
652 923 704 963 est
722 935 808 964 cum
828 935 897 973 en,
933 924 1035 976 quod
1068 924 1216 977 Hugues
1245 933 1284 965 et
1307 923 1429 966 Olaus

162 984 333 1040 Magnus
349 985 570 1040 allegarunt,
588 986 749 1040 ideoque
784 987 969 1040 prolixior
1002 988 1074 1028 esse
1106 988 1214 1028 nolo.
1279 988 1427 1029 Mirum

162 1050 316 1091 interim
348 1050 423 1102 est,
458 1049 649 1104 plerasque
683 1050 803 1091 stellas
831 1051 998 1100 marinas,
1029 1051 1117 1104 quin
1149 1061 1187 1091 et
1221 1046 1429 1105 Zoophyta

159 1114 210 1155 ab
242 1114 424 1164 Hngues,
458 1112 563 1153 Olao
594 1113 765 1166 Magno,
798 1123 835 1153 et
872 1113 1002 1163 Mylio
1021 1113 1227 1166 descripta,
1260 1115 1300 1153 in
1317 1126 1427 1154 ocea-

163 1189 219 1217 no
248 1175 529 1229 septentrionali
561 1175 635 1215 huc
670 1187 785 1228 vsque
817 1185 981 1228 repertas
1015 1175 1102 1216 effe.
1189 1177 1303 1232 Quod
1336 1188 1431 1217 vero

163 1238 358 1293 originalia
410 1237 520 1278 huius
550 1239 699 1290 generis
728 1238 854 1278 stellae
890 1238 1056 1279 marinae
1089 1251 1167 1280 non
1201 1240 1266 1281 nisi
1299 1238 1429 1281 rariffi·

165 1315 232 1344 me
265 1315 315 1342 ex
346 1301 461 1342 fundo
494 1302 605 1341 maris
634 1300 703 1340 [int
732 1301 924 1352 extrasta,
982 1303 1019 1342 in
1050 1304 1152 1344 caula
1187 1304 1239 1344 est
1280 1303 1430 1344 forsitan

164 1371 207 1419 a)
239 1365 337 1420 quod
370 1364 560 1405 mediante
594 1364 738 1417 petiolo
768 1365 829 1404 suo
864 1374 943 1406 tam
977 1364 1142 1405 firmiter
1174 1365 1292 1406 fundo
1343 1379 1430 1406 ma·-

162 1429 214 1469 εἰς
248 1429 399 1482 petroso
430 1427 644 1468 adhaerent.
708 1428 750 1473 b)
778 1427 972 1482 Quoniam
1014 1428 1213 1468 fecundum
1254 1427 1431 1470 obserua-

163 1491 310 1530 tionem
345 1490 521 1541 Huguefii
553 1493 598 1529 ad
630 1489 853 1530 leuiffimum
889 1490 1108 1531 contactum
1143 1491 1431 1545 secontrahunt,

163 1562 203 1594 et
252 1555 348 1593 inter
398 1561 526 1606 petras
572 1564 776 1607 earumque
827 1554 944 1593 rimas
976 1554 1165 1595 recedunt.
1228 1553 1264 1607 c)
1299 1555 1431 1611 Quam

166 1616 276 1669 pauci
328 1615 618 1656 Nauarchorum
669 1625 707 1654 et
758 1625 1016 1656 mercatorum
1055 1617 1231 1657 historiae
1273 1618 1430 1658 naturali

166 1675 353 1717 student?
381 1676 580 1729 Imprimis
611 1676 676 1717 vbi
707 1676 755 1717 de
790 1679 946 1718 marinis
979 1680 1103 1719 sermo
1136 1679 1200 1718 est.
1265 1680 1317 1719 Et
1351 1681 1430 1732 quis

165 1739 287 1779 adhuc
319 1740 515 1791 originalia
548 1736 792 1782 Concharum
813 1743 1071 1793 anomiarum,
1106 1740 1431 1793 Lituorum‚Be-=

168 1801 412 1843 lemnitarum
446 1801 688 1843 obseruauit3
738 1805 897 1845 Accedit
946 1804 990 1858 d)
1039 1804 1205 1846 defeetus
1255 1804 1431 1848 historiae

170 1864 469 1918 reuolutionum‚
504 1877 589 1918 quas
619 1864 723 1905 tellus
754 1868 875 1908 nostra
906 1869 1015 1908 subiit
1036 1899 1046 1918 ,
1098 1878 1140 1909 vt
1181 1868 1273 1908 nihil
1303 1870 1429 1912 dicam

171 1928 220 1970 de
254 1928 464 1981 regionibus
495 1927 640 1969 Oceani
669 1929 777 1970 nobis
809 1930 920 1985 plane
953 1931 1073 1972 adhuc
1105 1931 1318 1985 incognitis.

732 2046 766 2095 ξ·
832 2057 875 2095 9„

312 2121 378 2163 Ex
408 2123 585 2165 omnibus
615 2124 688 2166 huc
720 2137 837 2181 vsque
870 2124 1025 2180 prolatis
1052 2125 1148 2168 mihi
1167 2125 1320 2179 quidem
1341 2140 1428 2181 per·

173 2183 310 2226 fiiasum
343 2185 466 2226 habeo
487 2213 499 2237 ,
553 2187 722 2231 Trochos
740 2217 752 2233 ‚
797 2188 1000 2232 Entrochos
1020 2223 1031 2239 ‚
1071 2190 1238 2245 Asterius
1255 2191 1429 2247 finguf'as

235 2247 723 2306 Tom.X.Nou.C0mm.
976 2252 1014 2294 fl
1033 2252 1060 2294 h
1077 2252 1106 2296 h
1384 2257 1427 2293 et
