1972 2652
535 210 983 261 OPTICAE.
1322 220 1420 271 ,ες

153 327 271 381 beus;
319 320 436 367 oculis
467 333 596 369 autem
627 328 792 382 apertis,
822 339 909 370 area
943 327 1050 371 rubra
1072 355 1087 383 ,
1122 339 1258 384 margo
1292 329 1416 374 viuide

155 389 360 432 coeruleus.

273 475 348 524 ιο)
382 469 440 513 Ita
476 469 610 526 perstat
650 468 802 512 sensatio
843 469 937 511 haec
991 483 1058 524 per
1114 470 1302 525 quoddam
1355 472 1421 513 ad-

155 533 231 577 huc
265 535 455 590 temporis
485 535 674 588 spatium,
723 533 931 587 vsquedum
964 535 1085 587 magis
1118 535 1306 589 magisque
1353 526 1424 576 de-

153 599 301 640 bilitata
332 598 475 653 prorsus
503 598 659 637 tandem
692 598 896 637 euanescat.
965 596 1272 638 Existimandum
1292 608 1421 640 autem

152 673 232 702 non
280 659 362 713 est,
414 660 513 715 quast
564 659 641 700 hoc
691 658 884 699 interuallo
929 658 1075 698 colores
1106 661 1268 701 omnino
1301 663 1420 704 iidem

152 732 435 777 permaneant,
485 722 544 762 sed
596 722 719 774 potius
769 719 1007 770 tenendum,
1058 733 1271 774 quanquam
1312 725 1418 765 idem

150 787 370 826 conseruent
401 795 541 837 genus,
574 783 736 836 speciem
772 788 896 823 tamen
932 781 1115 824 continuo
1150 794 1309 826 mutare.

298 864 450 909 Fateor,
483 876 547 906 me
580 863 794 906 occafiones
825 863 1038 905 instituendi
1073 862 1150 905 hoc
1173 865 1423 919 experimen·

147 937 231 970 tum
267 926 421 969 euitaffe
456 929 610 982 potiuS,
644 940 760 981 quam
794 927 1040 981 quaefiuiffe3
1075 929 1282 981 frequentet
1312 931 1420 972 enim

147 993 282 1033 oculos
316 1002 395 1033 tam
427 991 515 1032 forti
551 1003 729 1032 exercere
760 989 1015 1044 impteffione‚
1049 1003 1108 1030 res
1138 991 1288 1032 videtur
1315 994 1421 1046 peri-

150 1055 240 1096 culo
274 1068 351 1096 non
385 1055 546 1095 omnino
581 1065 721 1094 carens,
801 1055 1027 1109 Quanquam
1063 1053 1175 1104 igitur
1212 1057 1422 1096 tentamina

152 1130 232 1158 non
264 1118 334 1158 smt
367 1117 511 1169 saepius
563 1117 716 1169 repetita
741 1146 752 1167 ‚
803 1116 841 1154 id
890 1125 1017 1154 tamen
1051 1114 1207 1155 asserere
1237 1115 1422 1172 possum,

152 1179 424 1234 phaenomena
458 1179 556 1232 leges
589 1188 695 1219 antea
725 1177 916 1230 expontas
946 1177 1154 1218 constanter
1185 1177 1260 1219 fere
1293 1181 1422 1221 {erua-

153 1255 227 1297 re3
261 1255 332 1296 pro
363 1242 525 1283 omnino
557 1241 661 1280 enim
695 1240 948 1280 constantibus
981 1241 1172 1280 venditare
1204 1242 1298 1294 ipsas
1341 1257 1419 1285 non

151 1308 272 1347 audeo
293 1337 304 1358 ,
351 1304 532 1359 quoniam
568 1315 642 1343 vna
691 1302 849 1343 alteraue
882 1302 966 1341 vice
1012 1303 1123 1342 aliam
1159 1305 1425 1356 quodammo-

149 1369 202 1408 do
252 1368 428 1409 colorum
481 1365 740 1408 succeffionem
793 1364 981 1406 obseruaui
1003 1397 1014 1418 ,
1063 1378 1180 1420 quam
1231 1366 1296 1409 hic
1356 1369 1427 1411 dc-

148 1430 285 1486 scripsi.

297 1503 436 1547 variae
469 1515 597 1547 autem
627 1516 679 1546 ex
711 1502 1024 1546 obseruationibus
1057 1504 1133 1545 istis
1182 1514 1314 1549 notatu
1364 1508 1425 1550 di-

149 1580 247 1623 gnae
297 1569 433 1611 deduci
482 1566 636 1623 possunt
686 1567 938 1610 conclufiones
966 1600 977 1621 ,
1037 1580 1128 1622 quas
1179 1572 1306 1623 paucis
1356 1572 1421 1612 hic

150 1631 320 1685 iungam.

268 1704 391 1744 Extra
425 1702 580 1745 dubium
617 1701 783 1757 pofitum
817 1701 904 1756 est,
938 1703 1063 1744 radios
1104 1698 1202 1744 Solis
1233 1703 1424 1757 diree'tos,

148 1779 170 1808 a
200 1765 314 1807 fundo
343 1766 445 1806 oculi
477 1776 693 1820 exceptos,
744 1769 782 1807 in
825 1779 958 1806 neruos
1005 1777 1151 1818 agere,
1195 1778 1418 1822 certamque

149 1828 234 1883 ipfis
266 1830 500 1884 imprimere
534 1830 782 1871 mutationem
807 1862 818 1882 ‚
866 1831 964 1869 cuius
998 1829 1122 1869 anima
1159 1831 1279 1872 nostra
1324 1844 1418 1872 con-

149 1894 219 1933 scia
252 1893 317 1933 est.
395 1891 639 1946 Perspicimus
669 1902 792 1934 autem
827 1904 877 1933 ex
910 1891 1225 1934 obseruationibus
1256 1893 1317 1934 hic
1349 1895 1419 1936 de-

151 1956 294 2010 scriptis
315 1988 326 2009 ‚
374 1956 630 1998 mutationem
677 1954 773 1997 hanc
805 1956 928 1997 neruis
960 1956 1151 1997 industam
1173 1989 1184 2010 ‚
1233 1958 1308 1999 fiue
1342 1959 1415 2000 im-

150 2018 373 2073 preffionem
397 2051 409 2072 ‚
457 2031 535 2062 non
585 2020 716 2061 ceffire
769 2018 878 2062 fimul
918 2031 1006 2060 cum
1067 2019 1231 2062 cessante
1258 2052 1271 2077 ,
1321 2035 1418 2076 quae

152 2082 268 2135 ipsam
301 2083 511 2136 produxit,
548 2082 638 2125 lucis
669 2082 820 2126 afflone
841 2113 853 2135 ,
883 2083 941 2124 sed
973 2083 1170 2137 perdurare
1202 2086 1326 2139 potius
1350 2099 1420 2140 per

149 2143 203 2205 fit
251 2145 414 2202 longum
462 2146 581 2191 adhuc
613 2157 766 2205 tempus
787 2180 798 2200 ,
849 2147 1093 2203 animamque
1125 2149 1263 2192 eodem
1297 2150 1427 2192 modo>

755 2211 840 2256 Nn
871 2227 897 2267 3
1334 2209 1426 2256 affl*
