1972 2652
343 273 454 316 ET
511 272 1012 319 ASTERIIS.
1231 288 1320 327 4253,

619 387 652 434 ξ.
724 393 763 429 8.

193 447 384 490 Hactenus
414 449 461 491 de
492 448 621 503 figuris
651 458 690 490 et
723 451 856 491 formis
888 449 1058 504 lapidum
1092 441 1190 491 dixi:
1229 451 1317 492 Pro-

57 510 204 566 gredior
236 526 329 554 nunc
360 513 409 554 ad
450 515 590 567 reliqua
637 524 857 564 argumenta
879 544 892 565 ,
943 525 995 554 ex
1044 514 1175 568 quibus
1224 515 1320 555 mihi

54 575 259 629 persuasum
310 577 433 617 habeo
452 609 464 629 ,
513 577 737 620 Emrochos
783 588 820 617 et
871 577 1037 618 Asterias
1085 578 1322 619 columnares

55 650 175 682 vnum
207 640 387 692 idemque
417 653 508 681 cum
544 639 727 680 trochleis
757 640 894 680 nostris
924 639 1008 681 effe.
1040 641 1150 689 (vid.
1183 642 1216 689 §-
1255 640 1315 696 5.)

151 711 227 758 ςγ)
258 704 480 753 Foramina,
516 715 608 756 quae
640 704 680 742 in
709 702 914 743 Entrochis
939 715 1057 757 aeque
1089 716 1133 744 ac
1158 703 1322 745 lamellis

54 764 192 807 nostris
223 767 391 820 lapidum
426 765 722 807 trochleatorum
760 766 982 806 obueniunt.
1073 766 1140 807 De
1173 767 1319 808 Eutro-

50 827 132 867 chis
161 830 390 869 notiffimum
423 830 505 879 est,
553 830 600 868 de
641 829 828 881 lapidibus
875 827 1094 869 trochleatis
1137 830 1315 870 lamellae

49 890 137 930 istae
154 891 250 932 cirea
276 902 391 932 axem
410 891 512 931 suam
535 891 696 931 mobiles
713 892 808 932 Tab.
827 891 926 933 XII.
962 892 1026 945 fig.
1048 907 1083 933 1.
1104 893 1139 934 b.
1175 894 1310 934 testan-
1325 888 1407 948 Taj).
1427 888 1506 927 ΧΠ-

50 961 127 1002 tur,
163 956 251 1007 quin
270 955 398 995 immo
428 963 469 994 et
498 953 598 1008 ipae
632 967 737 1007 axes,
773 968 875 996 nune
906 956 1091 1009 integrae,
1107 969 1206 998 nunc
1239 958 1316 999 dif-
1339 938 1411 989 mg·
1444 954 1478 976 ¹⁰

47 1016 199 1069 fractae,
231 1019 465 1073 reliquorum
499 1018 782 1073 exemplarium
812 1020 861 1060 de
892 1020 1144 1074 perforatione
1178 1022 1319 1064 lamel-

47 1079 166 1121 larum
197 1082 306 1124 telles
339 1081 417 1122 esse
450 1093 607 1135 queunt.
693 1083 911 1124 Verisimile
943 1082 1042 1122 mihi
1076 1084 1165 1125 inde
1205 1085 1317 1126 vide-

47 1152 121 1195 tur,
154 1145 192 1184 in
214 1145 307 1186 statu
339 1145 518 1196 naturali,
543 1156 587 1185 et
614 1155 700 1185 ame
733 1145 1072 1199 petrificau'onem,
1105 1159 1199 1187 axes
1230 1148 1319 1189 istas

47 1205 142 1246 nihrl
173 1207 287 1260 aliud,
321 1221 436 1260 quam
471 1207 630 1255 canales,
682 1209 758 1248 fiue
790 1208 1041 1260 fiphunculos,
1075 1209 1178 1250 fuisse
1202 1240 1215 1259 ,
1248 1213 1315 1265 qui

44 1269 88 1309 in
121 1269 400 1322 petrlficatione
433 1271 590 1311 materia
619 1270 769 1323 lapidea
801 1273 948 1325 expleti
980 1271 1145 1314 fuerunt.
1215 1274 1315 1317 For-

43 1332 137 1372 suan
169 1332 213 1374 hi
245 1333 451 1387 fiphunculi
484 1345 605 1373 neruo
634 1336 804 1386 quodam
835 1335 997 1376 instrusti
1029 1337 1199 1388 fuerunt,
1229 1350 1313 1379 me-

43 1396 169 1436 diante
202 1409 281 1449 quo
311 1399 348 1437 [e
381 1409 482 1437 mox
498 1398 711 1448 extendere,
745 1411 846 1438 mox
881 1410 985 1446 vero,
1017 1407 1058 1437 et
1080 1411 1157 1450 pro
1175 1400 1310 1451 lubitu,

39 1458 182 1498 iterum
231 1461 455 1501 contrahere
503 1462 718 1512 quiverunt.
805 1459 1042 1501 Clariffimus
1090 1458 1309 1506 Schultzius

36 1519 76 1559 in
110 1521 291 1562 Trdstatu
321 1524 368 1562 de
402 1522 510 1562 stellis
542 1523 700 1563 marinis
731 1525 945 1576 penes-actis
978 1538 1019 1577 p.
1056 1537 1128 1574 32.
1172 1526 1305 1569 locum

38 1582 171 1635 allegat
197 1596 248 1625 ex
268 1584 519 1638 Bibliotheque
533 1583 723 1637 raisonnee
740 1587 860 1626 Tom.
876 1586 1106 1627 XXXVII.
1139 1602 1172 1641 p.
1198 1594 1304 1632 266.

39 1643 101 1685 his
119 1646 253 1686 verbis.
319 1648 437 1699 „112
466 1648 672 1687 decouvert
699 1649 819 1695 (Msr.
851 1648 1006 1701 Grffth
1019 1650 1198 1703 Hugues)
1231 1665 1309 1693 une

39 1707 261 1762 „nouvelle
309 1709 439 1761 espece
483 1709 649 1751 d’etoile
689 1712 738 1751 de
776 1724 860 1753 mer
887 1744 901 1767 ‚
939 1712 1099 1766 laquelle
1140 1713 1215 1754 sort
1255 1717 1308 1757 du

40 1770 212 1824 „rocher
243 1783 310 1822 par
340 1785 412 1812 une
442 1774 571 1825 espece
600 1776 646 1814 de
678 1776 855 1826 pedicule
877 1806 889 1825 ‚
939 1786 978 1817 et
1011 1776 1084 1816 elle
1123 1778 1306 1831 exprime

41 1834 322 1886 „exastement
340 1834 376 1875 la
400 1835 513 1889 figure
547 1839 729 1877 taionnee
759 1838 859 1878 dela
889 1839 987 1881 fleur
1016 1838 1130 1880 d’une
1149 1841 1304 1883 ficoide.

40 1928 67 1952 ‚‚
81 1897 184 1938 Mais
217 1908 314 1938 cette
346 1899 445 1939 fleur
473 1899 528 1940 est
559 1913 716 1954 presque
746 1901 926 1944 senfitive.
1022 1903 1088 1944 Au
1121 1905 1303 1946 moindre

39 1959 365 2013 „attouchement
396 1962 468 2004 elle
507 1964 543 2002 se
578 1964 698 2017 replie
718 1991 731 2014 ,
785 1976 826 2007 et
856 1978 905 2005 va
937 1964 972 2005 se
1019 1966 1156 2008 (acher
1202 1980 1301 2011 avec

38 2022 143 2077 „son
178 2024 350 2077 pedicule
369 2055 383 2078 ,
416 2028 509 2067 dans
533 2027 570 2068 le
603 2027 772 2083 tucher,
807 2024 908 2070 d'ou
937 2027 1009 2069 elle
1043 2031 1139 2072 etoit
1171 2032 1297 2074 sortie.

33 2086 137 2136 „Ses
175 2094 303 2128 rafons
331 2088 411 2129 sont
443 2092 509 2131 des
539 2090 620 2131 bras
638 2123 650 2143 ‚
680 2094 745 2146 qui
775 2103 845 2134 ont
877 2094 965 2134 bien
993 2092 1082 2133 l’air
1113 2095 1159 2135 de
1193 2108 1296 2138 ceux

34 2150 164 2202 ‚,o'un
208 2152 357 2206 polype
379 2180 410 2204 ‚‚
505 2154 617 2196 Idem
666 2157 787 2197 eriam
835 2156 987 2211 sequens
1033 2157 1294 2200 testimonium

34 2211 128 2256 olas·
174 2216 317 2272 Magna·
363 2217 495 2261 Tm&
540 2219 588 2261 de
631 2220 785 2275 gemilu.
829 2220 1024 2279 Septentr.
1074 2220 1162 2264 Lib.
1220 2235 1296 2260 21-

1190 2282 1296 2340 Cap.
