1972 2652
584 193 702 248 “⁵525ss
732 189 748 249 )
781 204 810 237 0
845 190 861 251 (
893 192 1010 248 ἓῖἣῆ·
1355 196 1424 252 Si

157 304 240 349 suit
267 318 325 346 :-
348 299 466 359 κοί.
532 305 692 352 Gradus
730 320 831 360 109.
866 321 960 352 raro
995 307 1205 352 maximus
1237 321 1310 367 per
1348 324 1424 354 an-

158 383 264 412 num
299 371 372 415 effe
402 374 469 415 hic
488 373 610 428 solet,
636 386 764 429 neque
781 376 961 428 frequens
981 374 1022 415 in
1043 377 1222 418 mensem
1243 376 1427 429 Maium,

152 435 500 492 sedfrequentius
534 441 575 481 in
610 439 783 481 Iunium
818 448 859 479 et
893 439 1054 482 Iulium
1097 442 1271 482 incidere
1315 441 1425 484 solet.

305 504 446 547 Aestas
479 506 610 559 igitur
642 506 782 547 minus
812 503 960 558 calida,
993 515 1133 548 contra
1165 505 1300 547 hiems
1331 506 1424 548 satIs

154 561 283 618 gelida
318 570 398 610 erit
431 573 630 612 censenda.
1210 596 1213 599 v
1297 598 1300 601 -

298 633 368 674 Ad
400 643 582 675 meteora
611 631 723 687 quod
753 631 928 682 attinet,
962 631 1150 686 primum
1169 644 1337 679 aurorae
1348 627 1427 675 bo·

147 683 276 736 reales
319 707 373 749 7,
420 711 598 749 quarum
639 706 721 734 tres
760 695 934 746 insignes
966 704 1008 734 et
1040 698 1237 748 perfectae
1275 705 1424 749 erant,

146 757 229 801 hoc
261 772 373 800 anno
396 759 488 800 sunt
521 767 692 801 notatae.

297 823 632 865 Phaenomenum
667 819 793 863 lolare
815 851 827 872 ,
876 822 987 876 quod
1037 822 1118 866 fuit
1169 823 1266 868 halo
1312 824 1419 870 cirea

140 884 272 930 solem
305 901 405 929 cum
440 889 569 930 tribus
604 885 767 945 pareliis
800 887 990 942 adparuit
1021 887 1200 930 Ianuarii
1225 904 1295 931 12.
1315 891 1419 930 circa

143 953 373 994 meridiem.
439 953 776 997 Phaenomenum
811 950 888 995 hoc
941 954 982 994 in
1033 955 1232 1007 peculiari
1280 953 1339 1006 fi
1327 964 1418 995 ura

140 1015 194 1055 est
229 1020 582 1071 repraesentatum.
650 1017 751 1059 Alia
784 1005 882 1059 halo
920 1017 1059 1058 solaris
1090 1020 1284 1074 adparuit
1317 1030 1418 1059 curn

142 1080 341 1131 pareliis,
371 1082 435 1118 sed
466 1096 549 1119 non
584 1074 810 1127 distinetis,
846 1083 990 1120 Martii
1033 1095 1075 1121 2.

294 1132 497 1183 Tonitru
509 1134 702 1193 prirnum
735 1137 815 1178 hoc
840 1153 949 1180 anno
979 1141 1099 1182 solito
1130 1144 1284 1184 tardius
1315 1153 1418 1185 eue-

140 1203 238 1255 nit,
269 1204 417 1243 scilicet
450 1203 554 1243 Maii
593 1205 667 1239 16.
700 1211 837 1254 quum
869 1213 977 1240 anno
1012 1206 1260 1253 praecedenti
1314 1219 1415 1248 con·-

139 1274 202 1306 tra
238 1265 355 1306 solito
384 1265 540 1318 citius,
574 1265 658 1306 iam
696 1263 841 1306 Martii
877 1273 952 1314 25.
994 1273 1179 1307 ceterum
1229 1267 1416 1311 tonitrua

138 1342 293 1373 nouem
326 1330 461 1371 diebus
491 1331 584 1371 sunt
614 1329 767 1373 audita.

287 1393 395 1435 Halo
425 1397 529 1436 circa
561 1392 687 1435 solem
721 1391 938 1447 elliptica‚
988 1386 1164 1447 Augusti
1199 1408 1239 1444 4.
1279 1394 1321 1436 h.
1368 1392 1415 1439 8:

128 1454 588 1510 'mane-obleriiar'a‚'est
612 1468 754 1499 notatu
787 1456 1043 1510 dignissima,
1079 1459 1276 1501 rarissime
1293 1460 1409 1502 enim

136 1523 338 1564 eiusmodi
374 1523 536 1565 halones
571 1536 779 1564 occurrere
812 1522 951 1564 solent.
995 1524 1090 1565 Vid.
1128 1525 1341 1577 Figuram.

289 1587 444 1641 Nina,
478 1591 525 1631 ad
560 1588 680 1629 instar
713 1599 941 1642 paruorum
975 1587 1246 1642 spiculorum,
1270 1600 1405 1645 quum

135 1661 217 1692 non
249 1654 476 1707 frequenter
510 1666 720 1694 occurrere
753 1652 904 1693 soleant
925 1685 936 1704 ,
980 1651 1048 1693 hic
1100 1665 1262 1707 quoque
1311 1655 1407 1693 sunt

134 1716 392 1760 adnotandae.
446 1719 638 1759 Cecidere
671 1717 873 1756 eiusmodi
910 1717 1025 1754 niues
1058 1716 1298 1756 Decembris
1335 1727 1405 1756 10.

274 1781 470 1819 Altitudo
504 1778 610 1817 niuis
644 1778 692 1817 ad
743 1776 1006 1816 altitudinem
1057 1786 1182 1830 aquae
1231 1770 1306 1819 ex⁴
1332 1778 1406 1820 illa

136 1839 536 1894 liqriefac‘ta‘suisvt
575 1851 646 1877 11.
682 1839 730 1878 ad
765 1851 803 1878 1.
838 1840 988 1878 recenti
1023 1834 1120 1879 niue
1151 1842 1280 1896 lapsa,
1305 1842 1405 1884 alias

133 1913 183 1944 vt
213 1917 256 1954 9.
296 1911 334 1945 8.
367 1909 409 1958 e't
442 1915 484 1953 7.
519 1902 567 1944 ad
604 1916 642 1943 1.

286 1969 481 2010 Altitudo
515 1979 638 2022 aquae
670 1965 836 2020 pluuiae
868 1979 940 2021 per
973 1968 1038 2008 sex
1057 1968 1208 2009 menses
1228 1970 1405 2012 arnense

136 2030 253 2076 Maio
283 2034 332 2074 ad
365 2033 587 2076 oecobrem
621 2032 700 2073 fuit
734 2044 788 2072 z
814 2036 886 2073 16.
904 2030 1003 2087 poll.
1039 2032 1154 2074 Paris.
1194 2045 1233 2083 5.
1262 2032 1338 2074 lin.

298 2098 581 2141 Mense‘Iulio
617 2096 799 2138 maxima
823 2127 835 2149 ,
868 2106 910 2139 et
950 2097 1182 2154 Septembri
1225 2099 1401 2140 minima

133 2158 300 2217 pluuiae
332 2164 450 2220 copia
489 2163 647 2204 cecidit.

756 2237 783 2280 g
816 2238 841 2267 2
1299 2225 1403 2270 Dies
