1972 2652
175 163 259 208 DE
276 157 696 207 TAVTOCHRON.
718 162 786 205 IN
806 159 1005 208 MEDIO
1029 163 1236 208 RESIST.
1280 180 1359 217 ¹37

108 277 305 320 conuenire
359 275 399 316 in
431 276 564 317 medio
585 306 597 327 ,
647 276 748 330 quod
782 277 916 317 resistat
951 276 992 317 in
1027 278 1173 318 ratione
1208 278 1364 331 simplici

107 341 341 382 celeritatum
364 373 375 392 ,
427 342 479 380 ita
516 350 555 380 vt
588 340 701 380 etiam
738 340 812 380 hoc
846 346 926 381 catu
962 342 1205 382 tautochrona
1238 341 1364 382 ascen-

104 406 207 445 fimm
245 417 320 444 non
352 404 531 457 discrepet
564 416 584 443 a
619 397 869 445 tautochrona
905 405 1173 459 destcrzfiium,
1212 406 1365 458 perinde

104 470 162 508 Vti
195 466 239 507 fit
272 469 310 508 in
341 479 472 508 vacuo.
573 468 681 508 Hanc
716 468 895 520 insignem
931 469 1118 519 cycloidis
1148 469 1366 521 proprieta-

102 541 184 572 tem
220 532 421 574 Newtonus
453 533 685 585 geometrice
715 532 1014 583 demonstrauit,
1045 544 1123 585 quo
1154 531 1229 584 ipse
1269 533 1363 572 sum-

105 608 189 636 mas
222 595 486 648 difficultates,
540 607 633 648 qnae
666 596 704 634 in
738 595 1018 648 inuestigatione
1053 595 1252 646 Analytica
1300 608 1367 636 oc-

104 669 269 708 currunt,
286 659 444 701 feliciter
476 660 673 712 superauit.
743 658 873 711 Neque
909 671 1004 698 vero
1037 660 1154 698 ambo
1187 657 1238 697 hi·
1261 658 1365 699 sum-

103 724 160 762 mi
195 723 278 762 Viri
311 722 562 776 quaestionem
596 734 620 760 a
650 722 767 772 priori
801 721 952 773 aggreffi
985 722 1181 773 negotium
1232 721 1365 761 confe-

101 796 233 826 cerunt
253 816 264 837 ‚
298 785 387 833 sed,
413 786 505 823 dum
545 783 616 823 sibi,
646 784 940 835 proposuera11t7,
965 794 1115 824 motum
1151 795 1365 836 corporum

97 848 204 901 super
235 847 408 898 cycloide
438 847 602 895 scrutari,
628 846 732 898 quast
760 855 910 898 praeter
936 847 1247 901 expectationem
1282 857 1364 887 tau—

98 911 355 952 tochronismi
385 913 660 963 proprietatem
695 909 1041 964 deprehenderunt.

252 984 295 1020 3.
348 973 397 1013 In⁴
443 973 518 1013 aliis
569 973 692 1013 medii
742 973 952 1013 resistentis
992 972 1263 1027 hypothesibus
1296 973 1362 1014 diu

99 1036 233 1077 ftustra.
259 1036 528 1077 tautochronae
579 1038 658 1076 sunt
706 1037 945 1089 inuestigitae
969 1069 979 1088 ‚
1027 1039 1150 1076 donec
1201 1039 1360 1076 tandem

101 1099 198 1139 mihi
232 1099 398 1150 contigit,
423 1110 493 1149 pro
527 1099 686 1147 mediis,
715 1112 810 1150 quae
840 1101 879 1137 in
899 1099 1085 1151 duplicata
1119 1099 1262 1137 ratione
1297 1110 1362 1137 ce·

96 1161 284 1202 terit-atum
319 1161 496 1211 resistunt,
529 1160 790 1200 tautochronas
822 1160 996 1214 definire,
1029 1162 1066 1200 in
1099 1173 1174 1213 quo
1205 1162 1359 1213 quidem

96 1226 255 1277 negotio
291 1224 371 1264 vsus
405 1224 480 1262 sum
516 1220 709 1261 methodo
737 1222 875 1261 direeta
899 1251 912 1272 ,
962 1235 1055 1274 quae
1079 1235 1152 1262 me
1189 1224 1233 1263 ad
1291 1236 1361 1264 co·

93 1289 312 1342 gnitionem
345 1286 482 1327 harum
513 1295 706 1322 curuarum
740 1283 909 1322 deduxit.
977 1284 1123 1323 Verum
1158 1285 1252 1325 haec
1274 1298 1361 1326 me-

95 1352 236 1392 thodus
265 1353 317 1391 ita
347 1349 400 1389 est
433 1355 655 1399 comparata
675 1347 708 1397 ,'
737 1347 916 1399 quoniam
952 1346 1232 1399 expressionem
1269 1348 1360 1388 fini-

94 1423 174 1455 tam
207 1425 280 1466 pro
308 1412 499 1454 celeritate
527 1410 700 1463 corporis
733 1410 770 1448 in
805 1410 935 1462 quouis
965 1423 1098 1451 curuae
1153 1410 1241 1451 loco
1293 1424 1357 1452 re-

91 1477 235 1532 quirit,
267 1486 307 1516 vt
339 1477 384 1516 ad
416 1474 506 1515 alias
534 1474 753 1513 resrssentiae
787 1472 1042 1526 hypotheses,
1075 1474 1206 1527 quibus
1239 1474 1353 1516 talem

91 1539 374 1592 expressionem
406 1537 595 1578 exhibere
640 1549 718 1576 non
768 1536 893 1589 licet,
938 1538 1220 1577 accommodari
1273 1550 1355 1578 non

91 1602 226 1658 poffit..
320 1602 458 1655 Neque
505 1601 626 1640 etiam
667 1600 703 1640 ei
734 1598 846 1640 lotus·
871 1599 1087 1654 relinquitur
1118 1600 1156 1639 in
1191 1600 1322 1639 medio
1342 1631 1355 1653 ‚

91 1666 192 1708 cuius
230 1665 439 1706 'resistentia
487 1663 616 1716 ipsam·
663 1662 905 1703 celeritatumz
940 1665 1127 1703 rationem
1162 1663 1352 1716 sequitur,

90 1729 157 1770 etsi
189 1728 337 1769 aliunde
369 1726 513 1767 constet
544 1726 860 1765 tautochronismi
893 1729 1165 1779 proprietatem
1198 1726 1235 1764 in
1286 1736 1353 1778 cy-

89 1792 255 1834 cloidem
302 1798 545 1842 competere.
637 1789 799 1827 Interim
834 1797 979 1839 tamen,
1018 1788 1044 1828 fi
1076 1788 1271 1830 refistentia
1306 1790 1352 1832 fit

88 1867 203 1909 quam
237 1854 423 1902 minima,
457 1862 528 1904 per
561 1849 787 1891 methodum
821 1851 1118 1903 approximandi
1151 1851 1189 1891 in
1218 1854 1351 1893 omni-

92 1920 161 1959 bus
193 1917 462 1972 hypothesibus
493 1914 759 1956 tautochronas
787 1914 977 1968 assignaui,
1011 1914 1114 1968 quod
1147 1927 1347 1968 argumen-

90 1991 171 2023 tum
205 1981 313 2023 fufius
346 1977 569 2035 pertractaui
601 1980 639 2017 in
673 1977 924 2018 Mechanitae
954 1990 1061 2018 meae
1106 1977 1242 2019 Tomo
1292 1980 1349 2021 se-

88 2046 225 2086 cundo.
292 2043 385 2086 Inde
418 2053 546 2085 tamen
597 2040 743 2082 nullum
797 2041 993 2083 subsidium
1047 2041 1346 2095 suppeditabatur

87 2112 138 2151 ad
169 2108 430 2152 tautochronas
456 2106 757 2148 determinandas
776 2138 790 2159 ,
824 2106 851 2148 fi
890 2105 1089 2164 resistentia
1120 2104 1229 2147 fuerit
1259 2119 1348 2148 ma-

676 2168 714 2209 V
746 2178 774 2216 3,
1248 2171 1310 2211 ior
1327 2182 1349 2225 ᾗ
