1972 2652
582 268 674 317 480

928 264 1041 307 DE
1100 261 1490 308 VENERE

577 391 672 432 guus
705 376 936 418 instrumenti
968 385 1098 417 motus
1146 377 1448 419 obseruationem
1500 375 1635 418 turbat.
1730 376 1848 418 Tubo

578 442 627 483 fic
658 442 839 481 adornato
872 439 1060 481 immotus
1089 442 1275 483 continuo
1308 441 1507 483 assidebam
1530 474 1541 494 ‚
1591 440 1639 481 ad
1679 440 1849 494 phaeno-

579 516 692 546 mena
741 511 932 558 attentus,
989 504 1127 545 interea
1161 506 1254 545 dum
1291 504 1444 556 socius,
1494 505 1532 545 in
1567 505 1851 546 mathematicis

579 565 853 620 versatissimus,
877 569 1022 608 minuta
1055 569 1207 608 secunda
1241 568 1434 623 horologii
1469 569 1506 609 H
1540 569 1636 608 clare
1677 581 1848 608 numera-

577 630 670 682 bat,
703 631 912 673 cuiusmodi
944 631 1175 672 adminiculo
1208 632 1246 669 in
1278 631 1597 672 obseruationibus
1627 632 1763 683 etiam,
1783 644 1848 685 pa-

580 693 769 748 ragrapho
814 696 1051 748 praecedenti
1102 694 1294 747 descriptis
1323 727 1336 747 ‚
1395 695 1563 736 similiter
1622 696 1702 736 vsus
1756 698 1847 736 lum.

515 786 519 790 -
579 758 744 801 Notabo
793 767 923 798 autem
977 759 1015 797 in
1068 759 1228 811 sequenti
1279 760 1493 800 recensione
1526 759 1671 812 semper
1700 768 1850 813 tempus

579 832 714 861 verum
748 818 879 861 Solate
900 853 912 876 ‚
944 833 995 862 ex
1036 830 1219 862 annotato
1258 832 1436 876 tempore
1476 822 1672 876 horologii
1716 823 1751 863 H
1787 824 1847 863 de-

581 883 752 925 ductum.

579 978 714 1034 Temp.
749 993 838 1024 vero

579 1043 640 1100 9³³-
655 1047 842 1102 7440‘4

584 1646 625 1691 9·
657 1648 698 1690 7-
730 1647 799 1688 57·

897 1049 1100 1095 Convictus
1152 1056 1330 1109 marginis
1389 1054 1632 1096 occidentalis
1693 1047 1851 1094 Veneris

894 1129 983 1157 curn
1017 1119 1242 1160 occidentali
1278 1118 1374 1160 Solis
1408 1119 1530 1159 limbo
1564 1118 1662 1169 (situ
1706 1129 1853 1169 nempe

898 1181 1030 1221 erecto
1051 1214 1062 1231 ‚
1095 1194 1208 1236 prout
1243 1184 1372 1223 Tubus
1401 1183 1544 1222 obiecta
1579 1183 1851 1235 repraeientare

896 1243 1002 1297 solet)
1035 1246 1097 1285 vel
1129 1247 1279 1287 initium
1320 1245 1506 1298 egrtss‘us,
1554 1257 1675 1299 prope
1719 1244 1853 1284 instare

898 1308 1096 1349 videbatur
1123 1342 1133 1361 ,
1180 1310 1364 1363 siquidem
1416 1310 1510 1349 linea
1551 1319 1698 1349 tantum
1737 1307 1854 1348 lumi—

897 1370 1010 1422 nosti,
1039 1374 1250 1414 admodum
1282 1374 1424 1423 tenuis,
1460 1373 1623 1413 limbum
1658 1371 1754 1412 Solis
1778 1372 1853 1412 cla-

897 1444 939 1471 re
974 1433 1051 1471 iam
1084 1436 1300 1487 conspicui,
1338 1446 1377 1474 et
1412 1437 1691 1475 occidentalem
1729 1435 1852 1473 Vene-

897 1495 1223 1548 rismarginem²
1268 1497 1547 1547 interiacebat,
1587 1506 1625 1535 et
1665 1496 1849 1548 periphe-

896 1557 991 1597 riam
1027 1560 1112 1598 diici
1147 1559 1288 1599 Solaris
1319 1562 1541 1599 continuare
1576 1559 1782 1599 videbatur.

885 1635 1070 1679 Dubitare
1121 1639 1379 1693 incipiebam,
1431 1653 1478 1680 an
1530 1651 1608 1678 non
1658 1637 1855 1678 contaetus

892 1701 960 1742 iste
991 1703 1069 1742 iam
1104 1702 1230 1744 locum
1275 1703 1462 1758 haberet3
1516 1703 1667 1743 interim
1723 1712 1852 1742 tamen

898 1766 996 1806 linea
1043 1765 1163 1807 lucida
1216 1767 1323 1807 valde
1366 1768 1510 1820 gracilis
1550 1768 1594 1807 ad
1639 1766 1851 1819 marginem

896 1830 1059 1869 Veneris
1092 1831 1369 1872 occidentalem
1405 1832 1524 1873 adhuc
1558 1831 1592 1870 se
1620 1829 1849 1870 ostendebat.

890 1902 1124 1945 Contac'tum
1162 1917 1259 1946 nunc
1300 1906 1476 1946 celebrari
1521 1905 1656 1945 maiori
1697 1903 1852 1943 certitu-

896 1968 983 2009 dine
1014 1970 1214 2010 credebam
1237 2000 1249 2022 ,
1284 1969 1371 2009 licet
1401 1969 1536 2010 lineola
1574 1968 1636 2008 ista
1671 1966 1852 2007 luminosa

901 2031 1110 2084 gracillima
1140 2032 1186 2073 ad
1219 2033 1491 2073 occidentalem
1537 2031 1697 2072 Veneris
1751 2042 1852 2070 mar-

899 2097 1058 2148 ginem,
1111 2095 1162 2135 ast
1211 2109 1230 2136 a
1282 2097 1419 2149 reliqua
1464 2095 1546 2136 disci
1587 2094 1726 2136 Sol-iris
1757 2094 1849 2146 peri-

902 2158 1029 2209 pheria
1060 2171 1157 2199 nunc
1190 2160 1287 2212 quasi
1319 2160 1477 2213 sepirata
1504 2193 1513 2211 ,
1551 2160 1673 2200 adhuc
1703 2157 1852 2209 conspi-

903 2230 970 2260 cua
1002 2222 1101 2262 effiet.
1168 2223 1360 2278 Singulare
1392 2224 1525 2265 scilicet
1545 2224 1853 2278 phaenomenum

1795 2281 1856 2322 hic
