1972 2652
468 274 576 318 ΕΤ
642 267 1148 320 ASTER'IIs'.
1348 291 1434 330 427

179 389 285 432 nullis
323 402 420 432 vero
462 402 577 444 aquae
611 398 759 430 tantum
793 387 1029 430 adscribenda
1065 387 1149 439 est,
1200 396 1239 428 et
1290 402 1311 429 a
1342 390 1439 442 peria

176 454 305 508 pheria
335 457 457 495 verius
491 465 661 495 centrum
705 453 952 507 progreditur.
1043 451 1229 491 Videmus
1274 453 1362 493 ideo
1401 454 1441 493 in

175 519 365 559 nonnullis
412 518 697 572 exemplaribus
747 516 913 556 lamellas
962 526 981 554 a
1033 513 1066 555 se
1121 516 1281 555 inuicem
1335 518 1442 569 plane

172 583 352 623 seiunctas
392 580 497 633 effe,
539 592 583 622 vt
618 581 719 620 Tab.
752 578 852 619 XII.
894 578 960 631 fig.
1000 590 1038 616 1.
1073 590 1114 619 a.
1151 588 1191 618 et
1226 580 1264 624 in
1296 575 1525 635 reliquisTab
1551 576 1629 614 ΧΠ.

172 642 252 684 fere
285 646 465 686 omnibus
488 674 499 694 ‚
552 646 590 684 in
644 643 778 697 quibus
826 643 966 695 vbique
1013 654 1105 682 axes
1137 654 1236 682 nunc
1276 642 1439 696 integrae
1469 625 1539 676 Ε’ὅ·
1571 642 1602 664 ¹·

170 720 271 749 nunc
304 718 430 749 autem
465 707 658 748 diffrastae
690 715 901 746 cernuntur.
976 703 1085 744 Hanc
1121 696 1343 746 erofioneffl
1372 718 1440 747 ve-

173 783 237 821 ro,
271 784 364 813 vere
397 770 456 811 his
486 771 672 824 lapidibus
697 767 919 821 contigisse,
969 768 1182 808 monstrant
1224 767 1265 824 a)
1296 771 1442 811 cauita-

171 843 228 874 tes
257 835 480 885 cylindricae
514 844 551 872 et
582 841 738 886 gyratae
757 863 769 884 ‚
806 832 937 884 quibus
967 832 1154 871 trochleae
1195 831 1346 871 insidere
1381 833 1443 873 so-

169 897 274 941 lent,
324 908 419 950 quae
471 908 583 949 gyros
623 905 660 936 et
688 894 846 935 annulos
877 893 1018 935 habere
1050 907 1128 935 non
1162 891 1339 948 possent,
1370 896 1438 938 nifi

169 960 354 1002 diameter
384 960 637 1001 trochlearum
671 960 778 999 initio
818 958 945 999 maior
978 957 1110 999 fuisset.
1177 958 1216 1010 h)
1262 960 1437 1012 Apparet

168 1023 266 1065 Tab.
301 1023 399 1067 ΧΠ.
436 1023 504 1078 fig.
540 1037 584 1074 4.
616 1022 655 1064 d.
694 1023 806 1067 axis.
855 1022 893 1062 in
927 1023 1028 1063 cuius
1062 1022 1198 1063 medio
1238 1022 1436 1076 vestigium
1461 1022 1535 1074 Fig.
1564 1040 1600 1071 4·

167 1089 346 1142 exiguum
382 1088 587 1129 rotundum
625 1086 799 1128 lamellae
830 1083 958 1126 erosae
998 1085 1118 1126 adhuc
1153 1084 1299 1126 haeret.
1368 1085 1438 1126 His
1597 1082 1599 1084 ’

168 1152 371 1191 rationibus
402 1153 518 1192 etiam
549 1149 718 1190 obiectio
752 1149 862 1188 tertia
898 1148 1024 1188 reuelli
1052 1147 1190 1201 potest.
1255 1148 1370 1204 Quod
1388 1148 1435 1188 ad

167 1224 338 1267 quartam
393 1213 557 1263 attinet,
606 1212 692 1253 icon
735 1210 832 1251 Tab.
873 1209 973 1252 XII.
1014 1209 1078 1264 fig.
1128 1222 1168 1251 1.
1200 1209 1234 1251 b.
1276 1220 1349 1251 tres
1381 1210 1431 1251 la-
1459 1207 1531 1259 Fig.
1562 1221 1592 1246 ¹·

168 1277 301 1317 melias
349 1276 447 1316 circa
497 1276 586 1314 axin
635 1272 820 1315 verfiailes
867 1274 1083 1326 monstrat,
1134 1286 1229 1327 quae
1282 1275 1309 1315 fi
1343 1275 1434 1315 axin

165 1340 382 1394 diffringere
417 1338 614 1392 placeret,
662 1336 822 1390 singulae
868 1337 1065 1378 lamellam
1105 1338 1275 1378 trochlae
1309 1338 1434 1390 perfo-

164 1414 285 1444 ratam
335 1403 598 1443 monstraturae
645 1400 784 1441 forent.
880 1400 945 1440 Ex
977 1400 1035 1440 his
1085 1400 1264 1440 omnibus
1297 1410 1433 1452 patet,

162 1466 411 1506 diuersitatem
446 1474 485 1504 et
515 1464 714 1504 discrImen
744 1460 885 1515 lapides
914 1462 1061 1503 nostros
1102 1461 1336 1503 trochleatos
1369 1463 1428 1504 in*

160 1535 216 1568 ter
249 1537 288 1567 et
321 1525 539 1567 Entrochos
570 1526 824 1570 columnares,
857 1526 990 1566 nullius
1023 1525 1097 1566 fere
1128 1526 1319 1566 momenti
1339 1528 1428 1579 effe,

160 1600 199 1631 et
232 1603 309 1630 non
341 1591 408 1629 nifi
440 1593 521 1629 calu
555 1591 662 1629 oriri.
747 1586 1104 1641 Stringentissrmum
1139 1598 1267 1629 autem
1318 1602 1430 1642 argu-

162 1663 363 1700 mentum,
397 1662 440 1691 vt
474 1651 573 1691 mihi
607 1651 760 1700 quidem
793 1651 963 1702 videtur,
990 1652 1028 1691 in
1063 1651 1231 1690 trochlea
1266 1652 1428 1693 martiali

162 1713 255 1755 latet
275 1746 286 1765 ,
318 1714 417 1753 Tab.
448 1713 546 1754 XII.
580 1713 646 1768 fig.
686 1725 727 1764 5.
761 1714 826 1755 vbi
859 1715 897 1754 in
926 1726 960 1756 c.
997 1725 1087 1754 vera
1119 1713 1297 1755 structura
1342 1714 1427 1756 ssel-
1451 1709 1528 1763 Fig.
1560 1723 1593 1758 ς.

162 1777 235 1819 lata
266 1776 452 1819 Entrochi
481 1778 787 1832 deprehenditur.

703 1891 736 1941 §.
809 1905 882 1935 10.

299 1969 519 2024 Antequam
551 1968 816 2023 colophonem
862 1969 947 2010 huic
996 1966 1239 2009 dissertationi
1287 1966 1422 2022 impo-

163 2046 280 2083 nam,
334 2034 448 2074 tribus
497 2034 600 2088 quod
650 2033 754 2074 aiunt
803 2034 932 2075 verbis
983 2040 1160 2086 tantum,
1213 2043 1341 2072 meam
1373 2031 1421 2072 de

161 2099 306 2151 origine
337 2097 586 2139 Trochorum
607 2129 619 2150 ‚
669 2097 989 2147 Entrochorum,
1031 2096 1267 2138 Asteriarum
1298 2094 1423 2148 fingu-

159 2161 284 2203 larum
320 2171 360 2202 et
387 2162 667 2204 columnarium
702 2161 921 2204 sententiam
960 2159 1080 2201 adhuc
1130 2159 1273 2200 dicam.
1370 2158 1420 2196 In

160 2225 461 2269 antecedentibus
524 2226 603 2267 iam
669 2225 754 2281 plus
810 2237 885 2267 vna
934 2224 1022 2265 vice
1070 2222 1164 2265 haec
1212 2219 1421 2276 petrefficta

723 2288 763 2331 H
782 2289 809 2332 h
826 2288 854 2331 h
889 2299 916 2327 2
1301 2280 1419 2338 parti-
